2174 3267
361 188 460 225 1111.

114 292 223 343 Virg.
235 293 301 330 lib.
317 306 376 347 5511
389 309 398 329 .·
414 293 534 337 disce,
543 306 656 345 puer,
668 293 847 329 virtutem
859 305 905 328 ex
914 305 982 329 me.

111 360 164 413 (p.
182 359 298 406 287.)
324 363 508 407 Discere,
534 367 742 413 temptare.
781 362 891 412 Virg.
915 362 983 398 lib.

111 446 151 468 v:
191 438 227 468 et
267 431 406 478 fractis
433 433 638 468 discentem
668 443 825 467 currere
854 432 980 467 remis.

160 500 410 538 DEFUNCTUM
474 501 635 538 dicimus
701 500 982 537 consuetudine

109 574 314 607 mortuum.
370 570 479 621 Virg.
516 570 586 607 lib.
623 584 680 607 vi:
723 569 984 623 defunctaque

110 652 270 690 corpora
290 639 384 676 vita.
426 639 636 684 Defuncti,
661 638 829 676 liberati.
871 638 982 689 Virg.

109 707 177 745 lih.
194 722 254 744 vn
282 722 302 744 o
321 709 476 746 tandem
493 710 641 760 maqnis
658 708 788 760 pelayi
806 706 985 758 defuncte

104 777 284 829 periclis!

161 846 422 882 DiSTuAuEuE
445 850 504 882 est
518 845 700 883 vendere.
728 843 903 882 Lucilius
916 845 983 881 lib.

107 928 272 952 xxvnn:
312 915 511 959 dividant,
545 913 756 966 differant,
785 915 985 967 dissipent,

107 985 344 1022 distrahant.
383 984 637 1030 Distrahere,
667 998 860 1036 separare.
905 985 984 1022 Te-

114 1060 157 1091 10
174 1054 326 1090 reutius
341 1054 379 1091 in
400 1055 631 1092 Formione:
659 1054 810 1108 quodsi
822 1067 863 1089 eo
879 1067 985 1090 meae

107 1122 292 1173 fortunae
305 1124 483 1167 redeunt,
499 1123 681 1167 Fanium,
697 1122 763 1159 abs
787 1129 824 1159 te
847 1128 888 1159 ut
906 1123 984 1159 dis-

108 1193 261 1229 trahar.
300 1192 356 1230 M.
377 1192 535 1230 Tullius
560 1193 599 1228 in
621 1192 829 1243 Filippieis
858 1191 923 1229 lib.
938 1206 983 1228 11:

110 1261 206 1314 quid
223 1262 389 1313 primum
402 1261 496 1298 haec
509 1267 655 1297 natura
668 1261 888 1297 coherentia
906 1263 984 1313 opi-

108 1330 222 1366 nione
254 1329 541 1366 distraxissent.
592 1329 721 1366 Varro
758 1329 805 1366 de
837 1330 914 1366 vita
942 1329 985 1366 P.

108 1398 156 1436 R.
170 1398 237 1435 lih.
251 1412 294 1435 ιιι
326 1399 576 1435 distractione
596 1399 731 1435 civium
751 1398 986 1449 elanguescit

107 1467 243 1504 bonnm
259 1469 458 1519 proprium
473 1469 653 1512 civitatis,
677 1474 793 1521 atque
808 1474 985 1520 egrotare

107 1537 240 1589 incipit
265 1542 301 1573 et
325 1538 571 1573 consenescit.
602 1537 849 1581 Distrahere‚
884 1538 983 1574 divi-

110 1606 218 1651 dere,
247 1606 477 1644 diffundere.
516 1607 624 1655 Virg.
653 1606 721 1643 lib.
748 1620 823 1643 vu:
853 1606 983 1643 turba-

108 1676 159 1711 tis
178 1676 389 1712 distractus
405 1678 523 1729 equis.
553 1676 680 1714 Varro
703 1676 750 1713 de
776 1677 853 1713 vita
879 1676 921 1712 P.
934 1677 983 1714 R.

112 1752 157 1781 20
184 1744 250 1781 lib.
270 1759 298 1781 1:
328 1744 495 1782 Mettum
507 1745 705 1795 Fufetium
722 1751 881 1798 propter
896 1759 984 1798 per-

106 1813 242 1862 fidiam
256 1815 445 1850 interemit
459 1828 581 1865 poene
598 1815 848 1868 imperiosius,
869 1828 983 1868 qaam

108 1883 334 1919 Immanius:
362 1896 451 1919 nam
476 1885 580 1936 equis
607 1884 661 1920 ad
683 1885 916 1921 curriculum
937 1897 983 1920 ex

109 1958 275 2005 utraque
297 1957 412 2003 parte
440 1953 640 2003 diliqatum
667 1954 865 1990 distraxit.

159 2022 315 2058 DicAuE
341 2021 487 2058 dietum
517 2027 576 2058 est
609 2022 864 2067 constituere,
890 2036 981 2059 con-

110 2104 276 2128 secrare.
305 2090 415 2141 virg.
438 2090 506 2128 lib.
525 2104 567 2126 v:
589 2091 677 2128 orbe
691 2092 800 2128 velim
816 2092 981 2144 positam

108 2161 256 2213 templis
281 2159 355 2196 sibi
382 2159 489 2207 ferre
514 2160 669 2197 dicatis.
710 2161 875 2205 Dicare.
904 2165 980 2198 tra-

109 2301 200 2339 (pag.
216 2293 320 2332 287.)
347 2307 378 2332 10
403 2296 520 2328 verba:
557 2296 641 2339 qaid
671 2308 729 2339 eqo
761 2297 860 2327 illum
884 2297 924 2325 ab
948 2308 982 2327 eo

109 2352 298 2383 distrahere
322 2365 469 2384 conarer.
493 2352 585 2383 Idem
608 2351 648 2382 de
671 2353 727 2394 off.
745 2353 803 2383 lib.
817 2352 871 2383 iii.
897 2364 982 2395 quae

110 2409 212 2449 vulgo
242 2409 524 2452 interponuntur,
559 2419 625 2440 om.
658 2410 738 2440 Mss.
771 2408 880 2440 Mero.
918 2409 980 2438 W.

110 2464 154 2496 G.
180 2466 216 2496 L.
243 2466 287 2497 Β.
313 2466 360 2496 Α.
387 2466 430 2496 cs.
455 2478 489 2507 p.
512 2463 608 2501 556,
628 2464 691 2496 20.
728 2465 766 2494 P.
794 2466 836 2496 R.
863 2466 919 2495 lib.
950 2465 980 2495 Ι.

108 2521 250 2562 Popma.
275 2521 395 2553 Gifan.
420 2521 631 2552 districtione
657 2521 718 2551 W.
754 2533 980 2551 consenescere

109 2576 174 2607 Ms.
204 2577 323 2608 Fabri.
355 2578 402 2608 A.
431 2578 572 2619 Popma.
599 2576 673 2608 Gis.
701 2589 734 2619 p.
760 2575 853 2607 500.
900 2577 982 2607 Met-

109 2643 144 2666 20
161 2634 243 2663 tium
256 2634 297 2664 B.
321 2633 502 2675 Suffetium
516 2634 664 2675 Popma.
691 2644 788 2675 quam
806 2634 985 2663 inmmnius

110 2688 337 2731 chobortell.
374 2691 415 2721 de
450 2694 522 2721 arte
556 2690 682 2730 corrig.
722 2693 789 2720 ant.
829 2689 888 2720 lib.
925 2690 986 2719 im-

110 2745 210 2788 prob.
225 2744 343 2786 Sigon.
365 2757 447 2789 pene
470 2747 513 2777 A.
538 2747 617 2776 urbe
631 2746 712 2776 velit
726 2746 839 2788 posita
864 2746 979 2776 Editt.

108 2802 258 2832 iuratum
282 2801 325 2832 A.
351 2802 387 2833 J.
422 2801 512 2834 585.
537 2803 705 2833 iuratam.
724 2807 842 2846 .atque
865 2802 980 2832 dicata

108 2857 175 2889 Ms.
199 2858 316 2889 Fabri.
358 2859 506 2890 iuratam
521 2884 523 2887 .
538 2858 659 2902 .deque
684 2858 798 2889 dicata
824 2857 979 2901 charrio

113 2913 194 2949 Ι,4.
219 2915 326 2946 Dusa.
365 2915 511 2958 adaeque
531 2914 577 2946 A.
593 2916 627 2947 J.
653 2915 757 2957 Vulg.
794 2916 907 2946 aureis
933 2915 976 2947 Α.

516 187 590 225 DE
618 185 791 224 VARIA
819 184 1284 224 SIGNIFICATIONE
1313 181 1641 221 SERMONUM.

1841 181 1924 219 197

1047 292 1152 330 dere.
1180 290 1239 328 M.
1263 291 1423 328 Tullius
1447 291 1487 326 in
1514 290 1682 341 epistola
1709 289 1758 326 ad
1784 289 1926 326 Caesa-

1046 376 1126 398 rem
1152 361 1220 397 lib.
1241 374 1272 397 1:
1296 360 1462 397 Balbum
1479 361 1619 415 quanti
1632 358 1775 411 faciam
1792 371 1925 412 quam-

1047 445 1121 484 que
1145 431 1181 467 ei
1196 444 1252 467 me
1272 436 1391 467 totam
1410 431 1631 473 dicaverim,
1656 443 1701 465 ex
1719 430 1798 482 ipso
1814 429 1923 465 scies.

1051 499 1221 537 Lucilius
1248 499 1314 536 lib.
1336 513 1441 536 xxx:
1473 500 1639 535 iuratam
1672 512 1712 535 se
1745 499 1835 542 nni,
1865 498 1929 535 cai

1046 571 1096 606 sit
1117 570 1236 612 data,
1269 568 1474 622 adaeqnae
1507 568 1650 604 dicata.
1682 567 1840 611 Dicare.
1869 567 1927 604 in-

1049 638 1205 682 dicare,
1251 638 1442 674 nuntiare.
1491 636 1667 673 Lucilius
1712 636 1779 673 lib.
1822 650 1926 672 xxx:

1048 707 1169 744 sicubi
1192 708 1246 744 ad
1271 708 1363 743 auri
1382 707 1506 743 Fama
1531 712 1636 742 tuam
1656 718 1825 758 pugnam
1850 705 1927 741 cla-

1050 791 1133 813 ram
1162 776 1323 812 allatam
1353 776 1535 812 dicasset.
1877 782 1922 810 30

1101 846 1352 883 DETRAHERE
1380 845 1524 882 dicitur
1543 845 1744 894 derogare.
1759 843 1815 881 M.
1830 843 1928 881 Tul-

1050 916 1125 952 lius
1149 917 1197 952 de
1227 916 1386 966 Signis:
1418 921 1468 959 et,
1498 917 1534 951 si
1556 915 1757 968 quaeritis,
1786 919 1829 949 ut
1850 914 1930 966 ipse

1050 986 1097 1022 de
1120 999 1177 1021 me
1210 985 1432 1021 detraham:
1463 984 1546 1020 illos
1584 997 1649 1035 eqo
1684 988 1928 1020 accusatores

1046 1061 1154 1107 puto.
1184 1054 1419 1098 Detrahere,
1450 1053 1602 1091 tollere.
1639 1052 1718 1090 Te·
1741 1050 1926 1103 (p.288.)

1052 1125 1201 1160 rentius
1220 1123 1512 1160 Heautontim.:
1542 1123 1669 1158 assido
1682 1149 1695 1166 ,
1720 1125 1930 1158 accurrant

1050 1195 1172 1235 servi,
1206 1205 1332 1229 soccos
1360 1192 1587 1228 detrahunt.
1637 1191 1746 1240 Virg.
1782 1189 1926 1238 Georg.

1051 1262 1117 1298 lib.
1153 1275 1237 1298 1111:
1277 1260 1482 1302 observans
1522 1261 1612 1296 nido
1648 1260 1826 1311 inplumis
1863 1260 1927 1296 de-

1051 1332 1185 1367 traxit.
1229 1330 1285 1367 M.
1316 1330 1472 1367 Tullius
1507 1330 1545 1366 in
1581 1329 1849 1366 Frumentaria
1887 1329 1926 1364 in

1052 1400 1233 1436 Verrem:
1260 1404 1464 1451 postremo,
1483 1398 1599 1435 sicui
1630 1399 1778 1435 civitati
1804 1399 1928 1434 sociae

1050 1474 1200 1510 tantam
1234 1468 1428 1511 detraxit,
1468 1474 1656 1520 quantum
1692 1469 1923 1505 commodum

1049 1537 1137 1589 fuit.
1170 1537 1279 1574 Idem
1300 1538 1348 1574 de
1370 1537 1521 1574 Officiis
1538 1538 1605 1575 lib.
1622 1552 1684 1574 111:
1715 1552 1926 1592 numquam

1051 1608 1270 1651 committet,
1286 1613 1329 1643 ut
1344 1607 1512 1644 alienum
1528 1613 1687 1660 appetat
1708 1613 1745 1644 et
1759 1607 1813 1651 id,
1825 1608 1929 1660 qaod

1051 1676 1167 1714 alteri
1194 1677 1429 1721 detraxerit,
1466 1676 1538 1713 sibi
1567 1682 1752 1714 assmnat.
1795 1677 1849 1714 Et
1888 1677 1926 1713 in

1051 1747 1287 1783 Hortensio:
1316 1752 1358 1783 ut
1384 1759 1429 1783 ea
1451 1747 1526 1784 sibi
1557 1747 1658 1783 ratio
1691 1760 1784 1783 vera
1818 1748 1928 1783 resti-

1049 1821 1148 1859 tuat,
1166 1828 1265 1868 quae
1281 1816 1511 1852 consuetudo
1525 1816 1661 1852 vitiosa
1678 1816 1921 1852 detraxerat.

1048 1884 1292 1927 Detrahere,
1322 1884 1539 1922 extrahere.
1580 1884 1754 1922 Lucilius
1776 1885 1843 1922 lib.
1880 1892 1922 1922 10

1049 1967 1212 1990 xxvnu:
1243 1967 1325 1990 cum
1349 1954 1426 2006 ipsi
1451 1955 1491 1990 in
1522 1954 1642 1991 lutum
1674 1954 1924 1998 descendant,

1049 2036 1131 2059 cum
1160 2023 1253 2059 alios
1282 2023 1507 2059 detrahant.

1099 2092 1326 2128 DESPmEuE
1351 2097 1411 2128 est
1435 2106 1505 2142 pro
1530 2092 1652 2129 nihilo
1679 2091 1836 2129 habere.
1865 2092 1923 2129 M.

1049 2162 1204 2200 Tullius
1235 2162 1275 2198 in
1292 2162 1459 2200 Verrem
1490 2163 1642 2199 actione
1666 2177 1714 2199 11:
1743 2175 1853 2215 quem
1871 2162 1925 2199 ad

1049 2297 1156 2328 Dusa.
1184 2303 1259 2327 tuas
1279 2308 1313 2339 p.
1337 2308 1361 2327 c.
1387 2298 1586 2341 illatumque
1609 2297 1645 2329 d.
1672 2296 1737 2340 ch.
1758 2298 1862 2328 Dusa.
1887 2307 1924 2333 30

1049 2354 1175 2383 claram
1198 2354 1341 2384 allatam
1365 2353 1411 2384 A.
1436 2353 1540 2384 Busa.
1565 2353 1602 2386 J.
1629 2353 1720 2385 585.
1744 2366 1876 2384 aurem.
1893 2379 1899 2384 .
1915 2379 1922 2386 .

1047 2409 1173 2439 claram
1197 2409 1318 2440 adlata
1343 2409 1494 2452 chifan.
1519 2422 1550 2452 p.
1574 2409 1664 2441 [457.
1690 2411 1924 2453 illustremque

1048 2464 1117 2507 ch.
1165 2466 1300 2496 claraus
1324 2466 1418 2496 alala
1452 2465 1581 2509 ejLips.
1618 2479 1672 2509 ep.
1706 2479 1760 2510 qu.
1785 2467 1828 2501 5,
1859 2465 1921 2498 14.

1046 2521 1144 2563 prob.
1171 2522 1319 2554 Freund.
1363 2522 1442 2554 nido
1467 2524 1564 2566 impl.
1589 2523 1678 2554 Edd.
1704 2520 1799 2565 (pag.
1816 2519 1922 2557 288.)

1046 2576 1093 2607 cf.
1120 2575 1212 2610 560,
1239 2575 1274 2608 8.
1299 2579 1401 2609 solvit
1426 2579 1517 2610 Edd.
1554 2579 1742 2610 detraxerit
1768 2580 1814 2610 A.
1841 2583 1919 2611 ante

1042 2633 1088 2663 M.
1113 2632 1148 2664 J.
1174 2632 1235 2664 Or.
1272 2645 1344 2664 cum
1365 2635 1433 2676 ipsi
1455 2635 1490 2665 in
1511 2635 1617 2665 latum
1643 2634 1855 2670 discendant,
1884 2646 1917 2670 10

1045 2695 1113 2718 tum
1138 2689 1226 2719 alios
1250 2689 1290 2719 Β.
1317 2701 1389 2720 cum
1412 2691 1480 2733 ipsi
1504 2691 1539 2721 in
1564 2692 1671 2722 locum
1695 2690 1739 2722 A.
1757 2691 1863 2722 Dusa.
1879 2691 1917 2722 J.

1044 2744 1224 2778 escendunt
1248 2744 1388 2787 chalm.
1420 2759 1452 2789 p.
1478 2745 1541 2778 97.
1578 2747 1619 2778 al.
1654 2748 1744 2789 apud
1780 2747 1921 2778 Dusam.

1045 2802 1151 2832 Mei-e.
1175 2802 1304 2832 actione
1328 2802 1378 2832 II.
1401 2803 1443 2834 cf.
1468 2801 1562 2839 456,
1589 2802 1653 2835 24.
1694 2803 1827 2834 Alexin
1854 2803 1918 2833 W.

1045 2863 1258 2888 contemnunt
1282 2859 1398 2902 vulgo.
1435 2859 1599 2903 dispicere
1626 2859 1725 2902 Virg.
1751 2859 1860 2902 Hcyn.
1882 2871 1920 2895 20

1045 2915 1164 2946 Heins.
1177 2913 1344 2957 despicere
1355 2914 1555 2947 VossJahn.
1567 2915 1671 2948 Forh.
1685 2916 1755 2946 ad?¹
1765 2916 1863 2947 adab.
1876 2915 1917 2946 G.
