2174 3267
245 126 333 165 120

291 233 573 271 SOLLEMMTES
607 244 679 281 pro
713 230 966 269 sollemniter.
1001 230 1118 268 Luci-

240 303 315 340 lius
338 300 550 351 Aegistho:
589 300 899 354 sollemm'tu-sque
933 301 1031 337 adeo
1062 301 1120 338 di-

240 374 312 410 tali
334 371 466 408 laudet
492 369 638 406 lubens.

293 452 531 488 Sci-:NATHAS
566 451 627 487 vel
657 461 895 486 susstinens
934 461 1007 499 pro
1036 461 1119 486 see-

242 521 345 558 uieo.
375 520 502 558 Varro
520 519 683 557 Modio:
711 519 794 563 sed,
821 533 840 555 ο
862 518 1052 563 Petrulle,
1072 532 1120 555 ne

240 604 362 627 meum
389 591 491 627 taxis
517 589 678 633 librum,
713 587 759 626 Si
775 595 813 626 le
841 590 999 642 pepigat
1026 588 1121 625 haee

241 661 349 697 modo
376 660 585 696 scenatilis.
635 659 746 696 Idem
780 658 893 696 Ouos
921 660 1048 710 lyras:
1078 663 1122 694 ut

241 731 389 775 comici,
419 730 585 773 nothidi,
612 730 810 765 scenatiei.

293 812 522 854 SAPERDAE,
544 810 655 861 quasi
677 809 875 860 sapientes
898 806 959 845 vel
973 806 1119 858 eligan-

245 867 289 917 2'0
321 885 393 917 tes.
439 880 563 916 Varro
601 878 760 915 Medio:
790 890 917 914 omnes
947 878 1122 913 videmur

241 949 348 985 uobis
372 961 454 985 esse
485 948 584 991 belli,
614 947 761 995 festivi,
805 947 998 999 saperdae
1038 960 1122 983 cum

241 1019 359 1055 simus
388 1012 560 1069 σαπροί.

294 1098 567 1135 ΞυιιῡιτΑΤεΜ.
630 1095 773 1132 Cicero
809 1094 1123 1132 Tusculanarum

241 1167 311 1204 lib.
336 1181 381 1203 v:
426 1167 466 1202 in
501 1165 695 1202 surditate
730 1177 820 1201 vero
850 1165 1037 1218 quidnam
1067 1170 1123 1201 est

243 1237 337 1274 mali
347 1237 365 1272 ἱ)
395 1242 480 1273 erat
507 1236 713 1272 surdaster
738 1234 800 1271 M.
833 1234 1013 1272 Crassus.

295 1316 565 1360 Smrmcirus,
587 1314 831 1365 simpliciter.
844 1314 1121 1352 PlautusMer-

244 1390 396 1424 cature:
426 1385 495 1421 secl
529 1397 609 1421 eam
648 1384 870 1436 simplicitas
912 1384 1060 1428 dicam,
1090 1384 1126 1420 si

243 1469 362 1510 opera
389 1461 446 1492 est
475 1454 647 1491 auribus.

295 1537 605 1573 SUSCITABL‘LUM
626 1533 794 1571 honeste
826 1533 998 1585 positum
1027 1533 1123 1570 inci-

247 1615 292 1645 30
316 1609 543 1643 tamentum.
571 1603 699 1640 Varro
719 1602 833 1640 Onos
855 1603 979 1655 lyras:
1007 1602 1123 1640 Foni-

244 1677 306 1714 cia
330 1689 413 1712 sum
438 1675 538 1711 vocis
561 1672 836 1710 suscitabalum
856 1672 1126 1711 Cantantium-

246 1759 320 1800 que
345 1744 474 1797 =qallus
504 1743 756 1795 gallinaceus.

298 1826 525 1870 Smmms,
546 1824 774 1862 similitudo.
798 1823 995 1862 Caecilius
1009 1824 1128 1875 Syra-

245 1895 302 1948 (p.
320 1895 436 1940 177.)
478 1895 600 1932 cusis:
627 1895 740 1938 vide,
769 1892 940 1937 Demea,
968 1894 1131 1930 hominis

248 1967 343 2019 quid
368 1965 471 2017 feret
498 1979 643 2002 morum
670 1964 861 2001 similitaS.

301 2042 523 2079 SALEBRAS.
551 2040 609 2077 M.
624 2039 783 2077 Tullius
804 2039 852 2076 de
872 2037 1036 2075 Finibus
1058 2037 1128 2075 bo-

248 2125 385 2149 norum
411 2116 451 2148 et
476 2109 686 2147 malorum:
715 2108 776 2145 hic
809 2109 846 2145 si
878 2106 1062 2156 definire,
1095 2108 1132 2144 si

250 2181 421 2218 (lividere
449 2182 636 2232 potuisset
652 2193 667 2223 ,-
694 2179 730 2215 si
750 2177 935 2232 loquendi
959 2179 1058 2222 vim,
1095 2179 1132 2214 si

250 2305 331 2337 adeo
355 2305 482 2336 illicita
506 2304 567 2335 ille
591 2303 695 2334 atidet
719 2302 882 2345 ejBothe.
923 2302 1005 2334 adeo
1029 2303 1130 2334 litato

251 2360 351 2392 audit
375 2359 576 2402 chiintzer.

251 2429 286 2460 p.
309 2415 398 2453 180,
415 2415 453 2447 7.
478 2414 532 2445 hic
556 2414 649 2446 modo
673 2414 747 2446 JM.
781 2414 913 2458 pepiyit
938 2413 1017 2445 huie
1041 2414 1132 2446 znoa'i

625 2358 707 2389 adeo
731 2358 834 2389 ditem
869 2358 963 2401 ng.
1021 2359 1131 2390 Varro

252 2473 380 2516 chcal.
405 2471 534 2515 pl'qebl‘t
557 2470 612 2501 hic
634 2470 724 2501 modi
748 2469 855 2500 Turn.
881 2481 907 2500 c.
923 2469 1029 2501 nitidi
1052 2474 1131 2501 ante

252 2530 299 2562 Μ.
324 2528 419 2560 nothi
442 2528 493 2558 clii
517 2527 610 2568 ng.
635 2526 801 2558 cinaedici
826 2526 954 2569 chcal.
981 2527 1129 2569 Popma.

252 2594 289 2619 30
313 2583 513 2615 Phomzscus
537 2582 657 2613 adsum
683 2580 750 2622 ch.
777 2582 959 2614 Phoenicis
982 2582 1037 2615 vel
1060 2582 1130 2625 for-

253 2640 339 2671 nicis
379 2639 498 2670 adsum
546 2636 700 2669 Tun-neb.
758 2637 943 2669 Phoenicia
983 2639 1130 2681 Popma.

255 2695 458 2727 Phoeniciae
481 2692 609 2735 echal.
634 2698 714 2724 sunt
738 2694 827 2724 vocis
856 2692 1022 2726 stimi-J.
1048 2693 1132 2739 quid

254 2747 349 2794 (pag.
363 2746 466 2785 177.)
477 2749 548 2793 fert
563 2749 644 2781 edd.
661 2750 692 2780 si
701 2748 867 2786 devidere,
886 2752 1078 2793 isuprascr.
1091 2751 1130 2781 L.

256 2806 428 2838 devidere.
455 2807 533 2837 bene
544 2805 659 2837 videre
684 2806 806 2846 inng.
832 2811 863 2836 et
876 2806 912 2837 in
925 2806 1024 2838 Orat.
1046 2808 1095 2840 Μ.
1114 2819 1131 2839 e

260 2874 291 2897 ιο
311 2863 399 2895 coni.
426 2862 534 2894 annuis
548 2861 622 2904 fait
639 2862 678 2898 L,
691 2862 736 2893 A.
758 2861 925 2904 frivolum
937 2863 1016 2895 edd.
1041 2863 1132 2905 infa-

913 122 1121 161 NONIUS
1151 120 1487 162 MARCELLUS

1185 232 1352 286 (lenique
1386 231 1697 270 consuetudinem
1727 230 1928 268 verborum
1960 236 2063 268 tene-

1186 308 1264 345 ret,
1291 315 1502 356 numquam
1532 303 1573 338 in
1602 307 1735 338 tantas
1766 300 1940 337 salebras
1969 302 2063 338 inci-

1186 371 1319 407 disset.
1351 370 1463 407 Idem
1485 370 1555 407 lib.
1576 384 1622 407 v:
1649 372 1753 407 venit
1772 371 1825 407 ad
1839 376 2064 414 extremum,-

1185 439 1292 476 heret
1317 440 1360 476 in
1385 439 1562 475 salebra:
1591 441 1696 492 cupit
1722 442 1819 477 enim
1842 441 1983 477 dicere.
2012 439 2067 477 Et

1188 508 1236 545 de
1259 507 1449 545 Oratore:
1481 509 1580 545 alter
1603 511 1702 545 enim
1729 511 1812 546 sine
1844 510 1931 546 ullis
1965 508 2065 546 sale-

1186 576 1285 621 bris,
1315 579 1432 630 quasi
1455 578 1615 615 sedatus
1643 581 1781 623 anmis,
1809 577 1912 629 fluit.
2021 584 2064 615 10

1240 646 1481 684 SUBLESTUM
1511 652 1572 685 est
1598 648 1700 693 leve,
1725 648 1923 686 fribolum.
1948 646 2067 684 Plau-

1188 721 1273 753 tus:
1300 729 1391 753 nam
1427 716 1491 753 ubi
1526 718 1581 754 acl
1604 724 1876 771 paupertatem
1906 717 2070 754 accessit

1187 784 1387 833 infamiam
1403 813 1415 829 ,
1438 786 1665 839 Paupertas
1687 788 1846 838 gravior
1870 786 1940 835 fit,
1970 785 2069 834 fides

1187 855 1399 893 sublestior.

1241 924 1583 961 SUPERLECTILES.
1629 924 1771 961 Cicero
1805 925 1846 961 in
1879 923 2068 962 Oratore:

1187 993 1429 1030 verecundas
1467 995 1540 1030 erit
1577 1006 1670 1029 usus
1700 995 1851 1031 oratori
1882 1000 1919 1031 et
1957 994 2073 1048 quasi

1189 1063 1468 1116 superlectiles.
1502 1062 1708 1114 SupelleX.

1242 1133 1470 1178 Semnum,
1503 1148 1525 1170 a
1551 1133 1716 1179 scurris,
1753 1132 1961 1170 ridiculum
1987 1146 2072 1170 eum

1191 1202 1452 1253 turpitudine.
1483 1201 1625 1241 Cicero
1645 1203 1686 1239 in
1702 1201 1873 1241 Oratore
1887 1218 1895 1239 z
1909 1202 2073 1240 ridiculo

1189 1273 1242 1309 sic
1265 1285 1426 1308 usuram
1456 1277 1660 1316 oratorem,
1689 1278 1731 1309 ut
1759 1286 1829 1309 nec
1855 1274 1968 1310 ninnis
1992 1271 2072 1323 fre-

1190 1343 1337 1396 quenti,
1350 1355 1420 1378 περ
1443 1343 1619 1379 scurrilis
1637 1344 1710 1385 sit3
1736 1356 1805 1379 nec
1829 1342 2073 1386 subobsceno,

1190 1425 1239 1448 ne
1265 1412 1478 1456 mitm'cum3
1510 1426 1581 1450 nec
1606 1412 1824 1463 petulanti,
1857 1426 1907 1449 ne
1932 1413 1991 1449 in·
2024 1421 2070 1450 20

1187 1480 1360 1533 probum.

1243 1550 1439 1588 SroRTAs.
1451 1550 1663 1588 Sallustius
1672 1551 1937 1588 Historiarum
1949 1551 2018 1588 lib.
2028 1566 2072 1588 11:

1192 1634 1212 1657 e
1230 1622 1349 1657 muris
1368 1633 1484 1657 canes
1499 1622 1640 1672 sportis
1659 1620 1916 1657 dimittebant.
1947 1620 2074 1658 Varro

1193 1690 1243 1727 (le
1269 1690 1349 1727 vita
1380 1689 1426 1726 P.
1451 1689 1501 1727 R.
1529 1689 1598 1726 lib.
1620 1705 1652 1727 1:
1688 1703 1813 1744 neque
1843 1691 1941 1727 enim
1970 1689 2074 1727 obso-

1192 1760 1299 1796 nium
1328 1760 1369 1796 ia
1395 1764 1478 1795 tota
1504 1772 1628 1796 caena
1657 1765 1866 1812 coemptam
1892 1773 1939 1796 ex
1967 1760 2075 1796 var1's

1192 1829 1305 1866 rebus
1331 1843 1416 1866 eum
1441 1829 1652 1866 coniectum
1684 1830 1725 1865 in
1751 1843 1869 1866 unam
1903 1835 2075 1880 sportam
2097 1817 2101 1820 .

1190 1899 1441 1951 perspicitur.

1246 1969 1399 2014 Sonus,
1428 1981 1508 2005 non
1537 1973 1581 2005 ut
1607 1969 1711 2020 apud
1737 1969 1923 2015 comicos,
1945 1970 2015 2007 sed
2041 1969 2073 2006 si

1195 2038 1326 2075 audes.
1352 2038 1494 2076 Cicero
1507 2038 1546 2075 in
1560 2037 1751 2076 Oratore:
1780 2038 1946 2076 libenter
1960 2040 2074 2076 etiam

1194 2108 1409 2161 copulando
1440 2108 1558 2145 verba
1598 2109 1833 2161 iungebant,
1869 2115 1913 2146 ut
1947 2109 2072 2152 sodes,

1190 2184 1308 2230 prout
1334 2179 1370 2215 si
1396 2178 1532 2215 audes,

1195 2303 1263 2334 mia
1279 2303 1358 2334 edd.
1392 2303 1628 2346 Supellectilis
1645 2302 1754 2334 AJM.
1780 2304 1948 2334 oratoriae
1973 2304 2075 2347 quasi

1196 2358 1398 2402 cheopard.
1424 2360 1472 2390 M.
1509 2359 1608 2403 quasi
1631 2359 1856 2402 supellectilis
1881 2358 1955 2389 1131.
1999 2371 2072 2402 sup.

1195 2416 1340 2459 supplex
1365 2416 1430 2452 XV,
1453 2419 1532 2446 ante
1555 2415 1600 2447 A.
1620 2426 1693 2458 sup.
1717 2419 1747 2444 et
1771 2415 1820 2444 sic
1844 2415 1878 2445 in
1904 2427 1972 2459 seq.
1988 2416 2074 2457 Sup-

1192 2472 1308 2515 pellex
1332 2473 1382 2503 M.
1408 2484 1448 2503 ne
1471 2473 1617 2503 scurrile
1639 2471 1685 2501 sit
1708 2469 1824 2502 1526.
1850 2470 1922 2502 JM.
1957 2472 2075 2503 subob-

1196 2539 1329 2558 seemnn
1340 2541 1379 2558 ne
1391 2529 1548 2559 nu’uicum
1562 2528 1628 2558 NV.
1653 2526 1770 2557 Verba
1779 2538 1864 2570 quae
1880 2527 2029 2558 ineditis
2040 2538 2075 2561 20

1196 2588 1276 2626 post
1299 2584 1443 2628 Sportas
1469 2585 1645 2626 leguntur:
1675 2589 1736 2614 aut
1761 2584 1801 2614 ab
1827 2589 1947 2627 sparta
1973 2584 2076 2627 quasi

1195 2645 1361 2683 sparteas,
1373 2646 1435 2671 aut
1449 2641 1489 2670 ab
1502 2639 1718 2678 asportando,
1736 2639 1839 2670 habet
1856 2641 1909 2671 NV
1933 2640 1968 2670 in
1983 2651 2051 2682 mg.
2064 2663 2073 2675 ‚

1197 2701 1231 2728 et
1250 2696 1277 2727 L
1300 2708 1403 2740 supra
1422 2707 1577 2732 versum3
1605 2696 1740 2732 mirum,
1762 2695 1841 2727 huic
1874 2696 2076 2736 glossemati

1198 2752 1262 2783 soli
1275 2752 1469 2795 pepercisse
1479 2752 1528 2783 M.
1551 2763 1567 2781 e
1579 2752 1686 2782 muris
1700 2752 1788 2782 cives
1798 2763 1848 2795 sp.
1863 2751 1993 2795 chips.
2008 2758 2076 2784 toto

1198 2820 1277 2840 cena
1290 2807 1507 2851 coeptumVV.
1533 2812 1682 2850 coeptum
1698 2811 1778 2840 ante
1790 2807 1840 2840 Μ.
1867 2809 1975 2840 variis
1992 2808 2074 2840 edd.

1198 2875 1270 2895 cum
1297 2873 1363 2895 om.
1390 2866 1469 2895 ante
1492 2862 1537 2899 J,
1561 2863 1704 2907 Popma.
1732 2875 1795 2907 pro
1819 2864 1850 2897 si
1871 2864 1978 2897 audes
1999 2864 2074 2895 ΠΙ.
