2174 3267
248 156 335 195 184

245 260 433 316 (p.269.)
463 260 679 299 Terentius
719 260 758 296 in
788 259 1019 296 Formione:
1060 264 1129 295 aut

246 333 483 381 conficerem.
527 328 673 378 confici,
694 328 834 379 atfero.
880 328 937 365 M.
970 327 1128 365 Tullius

246 403 294 439 ad
307 402 515 438 Caesarem
532 400 722 436 iuniorem
738 398 805 435 lib.
828 412 859 435 1:
890 399 931 434 in
955 398 1130 449 sinqulas

244 472 393 522 tequlas
417 470 601 521 impositis
631 469 796 505 sescenti
821 468 1024 504 sescenties
1043 480 1129 503 con-

242 540 309 591 fici
319 553 444 594 posse.
467 539 519 577 Et
535 540 573 575 in
587 538 753 575 Verrem
765 538 920 575 actione
939 536 1129 573 secunda:

244 622 498 663 permaqnam
540 622 624 645 eum
660 608 788 644 elicere
829 620 876 643 ex
903 606 970 643 illa
999 619 1042 642 re
1066 618 1131 658 pe-

248 681 400 716 cuniam
426 677 561 727 confici
578 690 699 729 posse.
728 676 906 713 Lucilius
925 676 993 713 lib.
1011 687 1129 712 xxvr:

249 763 326 786 non
358 755 395 786 te
432 748 716 785 multitudinem
743 752 918 789 tuorum,
945 758 1062 798 quam
1090 744 1132 780 in

247 819 372 856 album
388 818 530 855 indidit
547 830 571 853 a
585 817 748 853 dextera
759 814 909 864 conficis
924 813 988 851 ibi.
1025 813 1130 851 Con-

249 889 381 927 ficere.
408 888 551 924 facere.
590 885 806 923 Terentius
835 885 872 921 in
899 884 1128 922 Formione:

248 958 366 994 bonas
386 970 443 993 me
463 955 619 992 absente
638 955 700 991 hic
722 953 940 1005 confecistis
962 954 1130 1005 nuptias.

254 1035 296 1065 10
316 1026 542 1064 M.Tullius
565 1026 603 1061 in
630 1024 866 1061 Hortensio:
895 1036 942 1059 ea
959 1022 1131 1074 facultas

249 1096 456 1134 maioribus
479 1095 624 1132 nostris
647 1099 746 1138 erat,
776 1095 845 1148 qui
870 1092 1046 1143 confectis
1073 1105 1130 1128 se-

247 1166 562 1204 natusconsultis.
594 1165 646 1203 Et
658 1165 970 1202 Tusculanarum
988 1162 1055 1199 lib.
1068 1175 1129 1199 v1:

248 1237 344 1274 nihil
366 1242 422 1273 est
446 1238 545 1273 enim
573 1235 682 1286 apud
704 1236 820 1277 istos,
850 1246 944 1286 quos
964 1246 1042 1269 non
1070 1244 1129 1268 eo-

247 1320 334 1344 rum
372 1305 487 1342 turba
520 1302 710 1353 conficiat.
754 1302 976 1347 conficere,
1005 1301 1130 1351 expli-

408 1375 464 1411 M.
492 1374 652 1411 Tullius
698 1373 747 1409 de
789 1372 941 1409 Officiis
978 1371 1046 1408 lib.
1084 1385 1129 1407 11:

248 1444 492 1482 honestitatis
509 1456 605 1495 pars
627 1442 804 1489 confecta
826 1448 897 1485 est,
925 1454 1041 1495 quam
1064 1439 1133 1477 tibi

250 1389 351 1413 care.

250 1515 360 1566 cupio
389 1526 470 1550 esse
497 1512 748 1548 notissimam.
782 1510 1006 1555 Confieere‚
1038 1523 1131 1547 con-

251 1596 417 1626 sumere,
439 1582 564 1620 finire.
593 1580 809 1618 Terentius
830 1580 870 1616 in
898 1579 1131 1617 Formione:

248 1667 333 1690 cum
360 1653 421 1689 hic
442 1665 520 1688 non
547 1651 707 1687 videant
726 1663 807 1693 me,
837 1646 1025 1697 conficere
1050 1661 1131 1685 cre-

802 1718 860 1755 M.
889 1718 1048 1755 Tullius
1083 1717 1133 1755 ad

252 1792 463 1830 Gaesarem
485 1790 677 1828 iuniorem
691 1788 759 1827 lih.
771 1802 784 1825 1
799 1803 807 1824 ε
837 1788 988 1833 bellum,
1002 1794 1043 1825 ut
1057 1789 1134 1840 opi-

251 1723 350 1760 dant
385 1726 589 1772 arqentum
625 1732 750 1756 suum.

251 1864 314 1900 nio
350 1874 435 1898 mea
464 1859 604 1912 ferret,
635 1871 824 1896 consensu
856 1859 1024 1895 civitatis
1048 1871 1134 1895 con-

254 1940 299 1970 20
321 1931 463 1984 fectum
495 1930 573 1966 iam
596 1929 835 1966 haberemus.
867 1927 1047 1966 Lucilius
1066 1927 1134 1965 lib.

254 2015 358 2039 xxx:
388 1999 552 2052 confecit
582 2001 662 2052 ipse
695 2003 924 2052 cornestque.
955 1998 1010 2035 M.
1036 1997 1135 2034 Tul-

254 2072 331 2109 lius
357 2072 395 2108 in
418 2070 658 2107 Hortensio:
690 2081 792 2123 quae
824 2073 882 2105 est
916 2069 1016 2104 enim
1047 2081 1135 2105 con-

253 2140 369 2192 fessio
423 2138 680 2176 valitudinis?
749 2151 849 2192 quae
906 2137 1137 2185 deformatio

256 2208 453 2263 corporis?

309 2279 578 2323 Concenmuz,
608 2276 700 2315 dare
729 2276 791 2315 vel
812 2276 1055 2328 permittere.
1078 2276 1136 2313 M.

257 2384 348 2431 (pag.
366 2381 474 2421 269.)
499 2385 535 2418 id
559 2390 597 2415 ut
620 2384 710 2427 cons.
736 2384 780 2416 A.
799 2384 880 2415 Ter.
907 2385 1036 2427 confeci
1060 2385 1139 2428 affe-

258 2456 295 2476 ro
320 2444 364 2475 Α.
391 2442 471 2474 Ter.
502 2442 651 2485 sinqulis
675 2442 801 2485 tequlis
825 2440 870 2472 A.
916 2441 1046 2472 Patrio.
1071 2440 1138 2470 sin-

256 2501 361 2545 gulas
386 2500 519 2543 tegulas
547 2497 652 2528 Turn.
685 2495 759 2534 29,
782 2496 846 2529 20.
883 2497 1053 2528 sexcentis
1076 2507 1140 2527 om.

260 2555 306 2588 G.
319 2556 357 2587 L.
372 2556 414 2587 B.
439 2555 530 2586 nosti
553 2554 649 2584 mult.
675 2554 840 2596 chDusa.
864 2565 885 2584 a
914 2553 1055 2584 dextera
1094 2551 1137 2584 G.

257 2613 389 2656 inclyta
405 2611 528 2642 dextra
553 2611 597 2641 A.
612 2610 718 2641 Dusa.
744 2621 809 2640 non
823 2615 1008 2641 atomorum
1028 2608 1138 2640 Orell.

261 2678 293 2703 ιο
318 2667 408 2712 quod
431 2678 498 2698 non
521 2666 594 2699 Cic.
620 2666 712 2697 Edd.
738 2670 821 2698 vett.
845 2667 946 2697 illum
963 2665 1052 2709 quod
1071 2676 1137 2695 non

259 2723 511 2766 atom.cheop.
536 2723 617 2754 illos
643 2722 733 2766 quod
749 2735 813 2753 non
835 2734 866 2753 a.
894 2722 959 2754 Or.
986 2721 1136 2752 honesta-

261 2780 306 2811 tis
332 2779 376 2811 G.
401 2780 494 2811 Edd.
526 2779 597 2822 fert
628 2777 690 2810 Or.
724 2778 796 2820 f'ert
826 2784 859 2809 et
891 2788 1070 2809 consensus
1106 2775 1135 2818 ej

261 2846 297 2869 20
322 2834 427 2866 Mero.
460 2847 494 2865 se
519 2834 604 2878 confi
627 2835 648 2865 ἰ.
674 2834 840 2876 chDusa.
866 2835 911 2865 cf.
938 2845 972 2876 p.
989 2832 1052 2868 81,
1071 2831 1135 2863 27.

263 2891 424 2933 confectio
456 2891 547 2922 Edd.
580 2889 772 2931 Augustin.
799 2901 828 2921 c.
855 2890 975 2931 Pclag.
1003 2888 1043 2922 4,
1073 2887 1134 2919 ¹4.

892 150 1003 188 NON
1010 150 1096 189 lus
1126 149 1457 189 MARCELLUS

1191 258 1351 296 Tullius
1378 258 1417 294 in
1443 257 1606 294 Verrem
1642 256 1795 293 actione
1832 254 1972 306 prima:
2011 254 2067 291 da

1191 328 1284 365 mihi
1295 328 1378 363 hoc:
1401 326 1577 369 concede,
1598 326 1702 379 quod
1714 324 1830 376 facile
1852 329 1921 360 est.
1952 323 2065 374 Virg.

1190 397 1259 434 lib.
1284 409 1362 433 vn:
1402 397 1584 433 concessit
1620 396 1661 431 in
1702 396 1786 431 iras
1819 394 1909 447 Ipse
1952 393 2066 430 deum

1192 467 1394 519 antiquam
1417 465 1569 516 qenitor
1581 463 1779 515 Calydona
1792 464 1960 500 Dianae.
1985 462 2066 499 Te-

1190 534 1340 572 rentius
1362 533 1400 569 in
1416 533 1586 570 Adelfis:
1602 533 1683 576 hui,
1701 533 1894 577 induisti,
1909 546 2013 569 nunc
2035 532 2071 568 si

1193 604 1241 640 de
1268 608 1332 640 tuo
1360 604 1444 639 iure
1475 603 1719 639 concessisses
1745 602 1958 653 paululum.
1990 599 2067 637 Lu-

1194 673 1307 710 cilius
1340 673 1407 709 lib.
1440 686 1605 709 xxvnn:
1640 672 1824 709 concedat
1846 672 1990 708 homini
2013 670 2069 713 id,

1193 742 1297 796 quod
1329 725 1437 785 velit}
1460 741 1644 778 deleniat.
1680 741 1735 778 M.
1759 741 1916 778 Tullius
1945 740 1993 777 de
2021 746 2066 776 30

1195 811 1345 848 Officiis
1368 811 1436 848 lih.
1454 824 1523 848 111:
1551 813 1587 848 si
1606 811 1821 862 neglegent,
1844 810 1971 846 omnia
1988 814 2070 846 tur-

1190 883 1258 932 pia
1274 894 1347 933 per
1365 894 1406 917 se
1432 883 1517 931 ipsa
1534 879 1721 931 fugienda
1744 892 1825 916 esse
1843 878 2068 916 concedant.

1195 950 1451 996 Concedere‚
1506 951 1669 987 eredere
1722 949 1785 987 vel
1836 948 2072 985 consentire.

1196 1020 1411 1058 Terentius
1434 1021 1475 1057 in
1502 1020 1734 1057 Formione:
1776 1030 1986 1072 numquam
2014 1029 2074 1052 me

1193 1091 1262 1127 hoc
1294 1091 1356 1126 die
1381 1090 1561 1127 concedes
1587 1090 1691 1133 mihi,
1725 1088 1865 1142 Neque
1885 1083 2072 1139 (p.270.)

1194 1159 1416 1212 intelleges?
1462 1159 1641 1197 Lucilius
1672 1158 1740 1196 lib.
1759 1172 1887 1195 xxvu:
1918 1158 1959 1193 in
1987 1170 2074 1193 con-

1193 1230 1329 1267 cedere
1349 1243 1467 1265 unum
1489 1234 1607 1282 atque
1631 1228 1672 1264 in
1688 1241 1729 1265 eo
1743 1228 1841 1264 dare
1863 1240 1939 1280 quo
1962 1239 2074 1278 supe·

1193 1304 1309 1335 ratur
1330 1310 1480 1335 nzanus.
1513 1298 1761 1342 Coneedere,
1791 1297 1979 1335 recedere
2009 1296 2073 1333 vel

1195 1369 1349 1406 cedere.
1379 1368 1593 1405 Terentius
1614 1368 1655 1404 in
1680 1368 1859 1419 Hecyra:
1887 1367 1949 1404 hic
1966 1366 2075 1403 video

1194 1452 1251 1475 me
1278 1439 1442 1475 invisam
1464 1450 1546 1474 esse
1570 1439 1721 1481 merim,-
1745 1443 1893 1488 tempus
1911 1442 1968 1473 est
1986 1449 2075 1473 con-

1194 1509 1344 1545 cedere.
1408 1507 1593 1544 Afranius
1628 1507 1669 1543 in
1702 1506 1913 1544 lucendio:
1957 1511 2075 1558 atque

1196 1577 1312 1614 etiam
1343 1576 1515 1613 incendit
1549 1575 1618 1612 hoc
1627 1590 1643 1620 ‚-
1677 1575 1813 1627 procul
1838 1588 2072 1612 concessero.

1196 1645 1393 1683 Caecilius
1410 1645 1553 1682 Tithe:
1581 1645 1642 1682 hic
1666 1645 1758 1682 dum
1778 1644 1872 1688 abit,
1896 1644 1971 1695 huc
1988 1658 2076 1681 con-

1197 1728 1358 1753 cessero.
1394 1715 1537 1753 Cicero
1559 1714 1874 1752 Tusculanarum
1904 1714 1974 1751 lib.
1997 1727 2074 1750 1111:

1197 1791 1239 1822 ut
1273 1798 1356 1822 cum
1391 1784 1658 1836 magnitudine
1691 1785 1905 1822 medicinae
1936 1784 2076 1820 doloris

1196 1854 1423 1905 magnitudo
1452 1855 1689 1891 concederet.

1250 1924 1456 1968 CoNSEQm
1489 1924 1684 1974 significat
1723 1923 1846 1975 sequi.
1896 1922 2005 1972 Virg.
2031 1929 2074 1959 10

1198 1995 1267 2033 lib.
1288 2008 1333 2031 v:
1363 2007 1474 2048 quem
1498 1994 1640 2031 deinde
1665 1993 1851 2031 Cloantus
1870 1991 2076 2044 Consequi-

1335 2063 1391 2102 Μ.
1424 2063 1582 2101 Tullius
1614 2064 1662 2100 de
1700 2062 1851 2099 Officiis
1892 2061 1958 2098 lib.
1993 2074 2075 2098 1111:

1200 2148 1246 2172 ex
1275 2148 1349 2188 quo
1371 2134 1542 2185 intelle9i
1565 2132 1687 2177 debet,
1714 2132 1818 2169 illum
1839 2131 1974 2168 mentis
1994 2132 2076 2182 aqi-

1199 2071 1279 2102 tur.

1202 2206 1449 2258 tationequae
1465 2217 1597 2240 earum
1617 2216 1760 2246 rerum,
1783 2213 1880 2255 quas
1906 2201 2076 2251 coqitan-

1202 2276 1293 2312 dum
1317 2273 1640 2328 consequebatur,
1669 2284 1792 2325 neque
1822 2271 1981 2307 otiosum
2010 2282 2079 2306 nec

1204 2381 1371 2425 conficere,
1395 2382 1567 2425 explicare
1584 2380 1806 2419 potissimum.
1833 2378 2018 2410 Concedere
2042 2378 2077 2410 b.

1203 2440 1355 2471 metuisti
1379 2451 1418 2469 nc
1442 2439 1473 2469 si
1496 2439 1541 2469 A.
1579 2438 1653 2468 vult
1678 2436 1823 2467 deliniat
1847 2435 1954 2466 Dusa.
1989 2435 2020 2465 si
2043 2443 2078 2468 30

1202 2501 1321 2540 neqent
1346 2494 1549 2538 cheopard.
1579 2490 1718 2529 18,20.
1744 2498 1844 2535 atquc
1869 2488 2079 2534 (pag.270.)

1204 2551 1317 2587 ellam,
1342 2550 1468 2581 incedit
1492 2549 1556 2579 huc
1579 2548 1675 2590 LiPS.
1709 2559 1787 2590 epp.
1814 2546 1858 2583 2,
1885 2547 1946 2579 22.
1978 2553 2080 2591 atque

1203 2606 1469 2637 haecetiaminc.
1493 2604 1553 2635 hoc
1578 2605 1620 2635 A.
1647 2602 1736 2634 526.
1762 2603 1887 2646 Steph.
1913 2616 1944 2634 α.
1970 2615 2079 2635 eccum

1202 2663 1249 2700 i.‚
1274 2662 1305 2694 h.
1331 2661 1426 2693 Guil.
1455 2659 1542 2697 1‚2.
1567 2665 1774 2703 naturaeque
1797 2661 1864 2690 vim
1888 2660 2080 2695 attulimus,

1204 2729 1241 2749 nt
1255 2717 1485 2761 nrtnqnitudini
1498 2716 1704 2760 cheopard.
1729 2715 1789 2753 18,
1805 2716 1870 2748 20.
1896 2722 1933 2747 ut
1951 2717 2079 2760 magni-

1204 2773 1317 2804 tudini
1341 2773 1402 2805 Or.
1433 2784 1466 2803 a.
1493 2772 1785 2816 investigationeq.
1810 2771 1904 2804 485·
1928 2773 2018 2805 Edd.
2048 2782 2079 2806 lo

1203 2828 1380 2873 cogitando
1405 2829 1496 2860 Edd.
1520 2829 1719 2872 sequebatur
1745 2829 1808 2859 W.
1842 2834 1961 2860 senatu
1984 2828 2077 2860 Edd.

1203 2897 1381 2917 conset-erc.
1408 2884 1554 2916 Cat-dere
1575 2883 1666 2920 271,
1685 2884 1749 2916 24.
1767 2884 1813 2916 Α.
1846 2883 2031 2917 convenire
2043 2894 2079 2918 20
