2174 3267
1868 223 1926 249 XV

91 322 244 367 dicunt
275 321 429 366 rustici
463 327 655 366 veteres.
724 320 831 365 Hoc
866 322 909 364 in
945 322 1142 384 antiquis
1177 322 1429 379 invenitur⁷
1477 339 1671 384 quorum
1707 325 1751 368 in
1789 323 1928 370 dubio

89 411 158 450 est
193 405 490 461 aucto1=itas‚»
532 403 657 467 quod
703 403 886 448 fuerunt
929 405 1006 466 qui
1058 403 1114 448 ad
1151 403 1351 450 Gellium
1386 404 1471 448 ΧΠ.
1510 403 1559 458 7,
1594 403 1641 448 5.
1690 406 1928 451 referrent.

88 484 186 531 Sed
224 503 326 530 cum
374 483 496 546 apud
541 483 734 529 eundem
769 482 924 528 Plauti
959 492 1004 529 et
1041 484 1227 530 Caecilii
1271 486 1440 529 mentio
1475 484 1595 529 facta
1630 485 1794 543 suerit,
1842 486 1931 533 hoc

89 584 182 611 non
216 567 375 628 utique
412 582 600 610 necesse
624 571 705 610 est.
773 563 950 610 Eadem
980 573 1048 610 est
1072 565 1188 609 ratio
1223 564 1310 610 loci
1346 583 1388 627 p.
1416 563 1486 609 ’70
1509 583 1547 610 a.
1583 583 1618 610 s.
1640 585 1680 610 v.
1714 569 1933 614 diurnare

88 647 169 692 cfr.
208 646 327 693 Gell.
362 646 521 691 XVII.
540 647 591 704 2,
612 645 694 692 16.
728 645 806 691 ubi
839 646 1015 691 Nonius
1052 646 1201 691 addit:
1243 646 1390 708 «apud
1424 654 1624 693 veterem
1659 649 1930 710 prudentem

86 729 366 774 auctoritatis
399 728 668 790 incognitae»
719 744 819 790 quae
864 735 909 772 et
953 727 1011 772 ad
1043 726 1242 774 Gellium
1286 735 1331 773 et
1367 728 1424 773 ad
1459 729 1700 775 Claudium
1736 728 1932 786 Quadri-

87 814 263 875 garium
314 811 488 856 referre
536 810 653 855 licet.
718 810 814 854 Iam
867 812 1131 873 ignoramus
1180 810 1390 873 quidem,
1441 828 1577 874 quam
1622 810 1680 855 ad
1725 827 1931 856 normam

83 894 261 939 Nonius
298 894 572 954 scriptorum
606 893 921 937 auctoritatem
957 894 1189 955 exegerit,
1238 892 1320 938 sed
1352 893 1441 939 hoc
1477 892 1665 938 dubium
1699 909 1800 938 esse
1838 910 1930 938 non

86 982 267 1037 potest,
318 977 428 1037 quin
463 974 615 1021 Gellio
650 981 825 1019 tautum
868 974 1095 1033 tribuerit,
1130 983 1347 1038 quantum
1383 977 1568 1021 summis
1616 975 1934 1038 scriptoribus,

86 1060 171 1103 nisi
207 1058 333 1121 quod
380 1075 548 1103 nomen
591 1059 685 1102 eius
732 1076 826 1103 non
874 1058 1126 1120 adscripsit.
1196 1058 1376 1116 Quibus
1423 1057 1676 1104 rationibus
1711 1056 1933 1102 adductus

86 1140 175 1185 hoc
210 1141 438 1197 omiserit,
485 1141 666 1184 nonnisi
711 1127 981 1185 coniecturis
1029 1142 1211 1201 assequi
1245 1141 1363 1185 licet.
1428 1142 1525 1185 Eam
1566 1140 1691 1202 quod
1727 1157 1821 1185 uon
1858 1157 1934 1185 ex-

88 1223 319 1284 posuerit,
377 1220 498 1265 unde
554 1221 788 1264 innumera
844 1220 920 1264 illa
968 1223 1242 1282 scriptorum
1291 1221 1392 1266 loca
1437 1222 1742 1283 excerpserit⁹
1799 1239 1933 1267 nemo

87 1304 127 1348 ei
162 1304 272 1347 vitio
306 1308 466 1347 vertat.
536 1301 643 1345 Hoc
685 1302 803 1345 enim
849 1302 989 1363 ipsius
1035 1303 1187 1364 operis
1232 1304 1348 1348 ratio
1394 1303 1455 1347 ita
1488 1301 1682 1347 ferebat.
1752 1302 1933 1360 Quibus

87 1391 237 1429 autem
282 1383 395 1429 locis
439 1384 580 1445 ipsius
630 1383 768 1429 Gellii
815 1383 955 1429 verba
1000 1383 1228 1443 laudavit⁷
1276 1386 1474 1430 auctoris
1511 1402 1680 1430 nomeu
1726 1386 1935 1430 omittere

86 1467 251 1528 potuit„
289 1472 366 1510 aut
400 1464 525 1527 quod
558 1463 676 1510 liber
711 1466 804 1510 eius
841 1467 1040 1511 omnium
1076 1465 1283 1511 manibus
1318 1465 1592 1512 versabatur
1640 1467 1935 1528 omniumque

88 1545 314 1593 mentibus
362 1545 591 1604 haerebat,
647 1555 725 1591 aut
783 1546 908 1609 quod
967 1546 1261 1594 Grammatici
1321 1549 1637 1594 auctoritatem
1685 1547 1936 1610 aequalibus

88 1646 249 1691 parum
295 1627 470 1672 firmam
515 1627 657 1673 videri
693 1628 934 1685 iudicavit,
981 1636 1057 1673 aut
1099 1629 1224 1691 quod
1268 1631 1366 1691 ipse
1412 1647 1438 1674 a
1473 1647 1523 1675 se
1553 1631 1798 1691 impetrare
1843 1647 1935 1675 non

87 1711 251 1772 potuit7
285 1716 337 1754 ut
369 1709 563 1755 hominis
600 1708 721 1754 docti
756 1716 894 1771 atque
931 1709 1109 1767 eruditi.
1144 1710 1226 1755 sed
1248 1712 1325 1773 qui
1359 1712 1435 1755 vix
1461 1711 1628 1757 saeculo
1665 1718 1769 1756 ante
1804 1716 1937 1755 uatus

88 1792 239 1849 fuerit,
274 1808 440 1837 nomen
476 1794 673 1853 posteris
709 1791 923 1835 traderet.
992 1792 1226 1853 Aequales
1262 1795 1400 1855 igitur
1423 1793 1623 1840 Gellium
1661 1801 1705 1839 et
1734 1793 1938 1839 Nouium

89 1874 244 1930 fuisse7
281 1890 337 1918 ex
371 1874 554 1917 nomine
590 1874 757 1917 omisso
794 1872 948 1934 colligi
985 1890 1077 1917 non
1112 1880 1293 1934 potesta,
1339 1882 1540 1919 veterem
1577 1876 1694 1919 enim
1741 1882 1785 1919 et
1828 1875 1940 1919 anti-

90 1973 229 2018 quum
265 1955 441 1999 Nonius
478 1970 578 1998 eum
614 1952 831 2014 appellat:
867 1952 948 1997 sed
983 1952 1193 2014 longiore
1228 1956 1447 2016 temporis
1493 1957 1641 2016 spatio
1687 1972 1824 2016 quam
1859 1972 1939 1999 sae-

89 2035 190 2081 culo
227 2034 436 2079 disiuncti
472 2050 570 2079 esse,
605 2051 698 2078 uon
735 2040 965 2095 poterant,
1003 2036 1107 2097 quia
1128 2035 1440 2093 Grrammatici⁷
1463 2038 1539 2098 qui
1575 2037 1692 2081 infra
1720 2036 1941 2098 Appuleii

90 2125 268 2164 aetatem
303 2118 455 2175 fuerst,
491 2133 657 2161 nomen
692 2117 767 2160 vix
806 2118 940 2160 tantis
975 2116 1182 2161 laudibus
1220 2119 1371 2162 ornari
1406 2119 1570 2179 Ροῐιιίῒ7
1606 2125 1655 2162 ut
1690 2126 1815 2164 velus
1833 2135 1941 2180 pru-

90 2202 201 2246 dens
236 2207 281 2244 et
315 2201 526 2263 antiquus
560 2199 884 2243 nominaretur.

220 2282 334 2326 Haec
368 2280 588 2325 hactenus
625 2279 679 2326 de
716 2282 862 2341 patria
899 2289 943 2326 et
985 2281 1040 2327 de
1076 2289 1207 2327 {etate
1243 2282 1381 2327 Nonii
1415 2281 1644 2335 Marcelli„
1682 2299 1816 2344 quem
1844 2282 1940 2343 qui-

92 2363 195 2408 dem
231 2362 493 2407 Tubursico
529 2363 573 2406 in
610 2363 822 2407 Numidia
862 2372 1010 2409 ortum
1044 2367 1179 2410 tertio
1215 2365 1382 2410 sarculo
1417 2365 1582 2409 librum
1622 2364 1678 2410 dc
1715 2365 1942 2426 Compen-

93 2446 220 2492 diosa
255 2445 461 2491 doctrina
496 2462 579 2506 per
614 2445 787 2490 litteras
824 2446 881 2491 ad
914 2446 1053 2491 filium
1089 2449 1324 2510 scripsisse
1360 2450 1610 2492 statuimus.

223 2528 360 2572 Hanc
394 2528 533 2589 igitur
566 2527 933 2588 inscriptionem,
982 2545 1118 2589 quam
1154 2531 1309 2591 optimi
1348 2529 1528 2574 codices
1573 2529 1869 2579 contii-mant,
1917 2544 1941 2569 e

94 2609 260 2653 nostris
299 2607 689 2669 Guelferbytanus
725 2602 855 2666 (xv),
898 2625 1034 2670 quam
1070 2608 1245 2654 Osann.
1282 2629 1324 2672 p.
1355 2609 1474 2654 587.
1511 2609 1807 2672 comprobat„
1856 2625 1940 2652 nos

96 2691 339 2751 genuinam
375 2697 419 2734 et
445 2688 502 2733 ab
538 2691 638 2752 ipso
676 2698 862 2736 auctore
897 2692 1150 2753 profectam
1191 2710 1290 2738 esse
1330 2693 1592 2738 iudicamus.
1659 2694 1939 2738 Litterarum

97 2773 278 2834 quidem
314 2772 519 2818 ordinem
554 2781 730 2818 tantum
766 2775 810 2819 in
846 2775 1069 2837 capitibus
1095 2776 1155 2820 Π.
1178 2777 1264 2822 ΙΙΙ.
1288 2777 1373 2822 lv.
1410 2783 1593 2822 secutus
1619 2782 1704 2832 est⁷
1737 2772 1818 2820 sed
1846 2772 1941 2817 haec

97 2853 239 2900 multo
270 2857 414 2901 maior
448 2873 555 2919 pars
591 2858 742 2919 operis
779 2865 863 2915 est⁷
901 2866 945 2903 et
981 2876 1004 2902 a
1027 2865 1156 2921 parte
1192 2862 1372 2922 potiore
1413 2859 1734 2906 denominatio.
1803 2856 1942 2902 Cuius

100 2933 282 2995 quidem
314 2935 415 2980 libri
456 2955 555 2999 quan¹
594 2940 709 2983 ratio
747 2940 829 2991 sit.
877 2938 1118 2985 admodum
1157 2939 1335 2986 difficile
1372 2948 1439 2985 est
1485 2941 1541 2986 ad
1590 2936 1944 3002 disquirendum.
