2174 3267
247 124 308 162 54

248 234 376 273 Varro
401 233 506 271 Cave
533 243 686 269 canem:
719 228 783 266 ubi
802 230 908 266 rivus
936 230 1129 282 praccipi-

250 309 361 341 tatur
382 304 423 339 in.
449 314 616 344 nemore,
637 300 816 336 deorsum
838 299 994 351 rapitur
1013 304 1131 352 atque

249 371 414 424 offensus
444 371 574 424 aliquo
609 383 634 407 a
656 368 810 422 scopulo
835 368 1009 421 lapidoso
1036 367 1130 404 albi-

251 447 378 479 catur.

300 509 535 547 Assscoxmr
576 522 650 560 pro
686 507 953 545 abscondidit.
995 506 1132 545 Caeci-

248 580 324 617 lius
351 577 504 616 Exule:
540 591 630 615 nam
662 578 724 615 hic
757 578 798 614 in
829 577 998 614 tenebris
1030 578 1134 614 intus

247 662 330 687 sese
370 647 626 686 abscondidit.
687 647 931 699 Pomponius
982 647 1134 685 Maccis

250 718 440 771 geminis:
506 717 631 771 perii!
691 731 768 754 non
831 717 1004 770 puellula
1063 722 1132 754 est.

248 802 353 827 nune
381 789 480 842 qaid
507 788 788 825 abscondidisti
814 788 917 824 inter
944 786 1083 823 nates?

302 859 512 903 ATncu,
543 858 759 907 continget.
798 856 1006 908 Turpilius
1031 854 1135 893 Leu-

252 936 298 965 30
321 928 452 965 cadia:
494 940 542 963 ne
584 940 641 963 me
675 926 820 978 attiga,
862 931 981 980 atque
1019 925 1138 977 aufer

248 997 428 1034 manum!
446 996 635 1040 -›IIeia,
685 1009 800 1050 quam
836 995 1010 1043 ferocula
1053 996 1136 1033 est!

249 1067 395 1104 Accius
440 1066 649 1117 Erigonis:
693 1079 786 1119 agJe,
824 1080 919 1118 aye,
964 1067 1136 1111 amolire,

248 1137 401 1182 amitte,
448 1150 541 1174 cave
576 1142 718 1174 vestem
759 1137 931 1189 attigas!
972 1136 1137 1174 Plautus

250 1206 538 1244 Bacchidibus:
576 1220 625 1243 ne
663 1206 811 1258 attigas
847 1220 1012 1259 puerum
1058 1208 1135 1244 ista

254 1289 394 1321 causa,
423 1277 581 1331 quando
606 1275 700 1327 fecit
723 1281 896 1313 strenue.

249 1342 306 1398 (p.
323 1341 412 1392 76.)
466 1347 710 1391 ΑυῦιΡιεΑΤ,
726 1350 855 1395 auget.
883 1344 1037 1382 Ennius
1052 1344 1134 1382 An-

250 1415 483 1454 dromacha:
525 1416 624 1470 quid
656 1414 729 1464 fit?
774 1415 913 1452 seditio
947 1415 1134 1452 tabesne?

251 1500 306 1524 an.
333 1498 518 1523 numerus
546 1484 734 1538 auqilicat
761 1485 881 1521 suos?

301 1556 475 1601 Arnox,
505 1555 681 1593 crudum.
724 1554 874 1593 Nevius
904 1554 1002 1592 belli
1032 1554 1135 1592 Poe-

251 1625 328 1663 nici
363 1625 432 1662 lib.
459 1638 526 1662 111:
569 1625 683 1662 simzd
729 1626 880 1663 atrocia
916 1625 1138 1678 proicerent

258 1701 370 1733 extra
392 1695 691 1732 ministratores.

301 1765 449 1809 Ammo
463 1778 537 1816 pro
551 1768 750 1817 quantum.
771 1764 961 1802 Afranius
969 1763 1137 1801 Promo:

251 1835 408 1872 utscire
418 1835 566 1887 possis,
587 1834 719 1889 adquo
742 1840 780 1871 te
811 1834 994 1887 expediat
1016 1833 1136 1888 loqui.

250 1904 364 1942 Idem
392 1904 607 1956 Privigno:
640 1905 685 1941 ni
711 1910 865 1942 tantum
887 1917 1059 1941 amarem
1083 1909 1141 1942 ta-

259 1982 301 2012 10
330 1975 403 2012 lem
444 1979 526 2011 tam
565 1974 701 2011 merito
737 1979 916 2027 patrem,
966 1973 1142 2011 Miratus

256 2057 396 2090 essem,
425 2057 528 2098 aquo
557 2045 688 2081 licere.

305 2114 578 2151 Amnum-Arm
589 2142 601 2160 ,
617 2127 690 2164 per
704 2113 822 2151 vices.
852 2112 1141 2164 Quadrigarius

258 2183 480 2221 Annalibus
498 2183 567 2221 lib.
587 2196 673 2220 1111:
702 2184 794 2220 item
815 2183 1004 2235 qazcdi'zitti
1022 2189 1142 2238 atque

259 2254 543 2306 aeyritudinem
571 2253 796 2290 alternatim
825 2254 948 2308 sequi.

305 2322 530 2369 Apmcsm,
555 2324 595 2360 in
616 2323 751 2375 aprico
773 2336 870 2361 esse.
900 2324 1029 2362 Varro
1051 2323 1141 2376 My-

253 2469 432 2501 obscondit
454 2469 520 2506 W,
544 2469 591 2501 M.
628 2482 695 2502 non
713 2471 833 2513 puella
859 2474 937 2501 ante
962 2470 1006 2502 A.
1041 2482 1134 2502 nurn-

254 2535 290 2561 30
314 2526 399 2571 quid
420 2525 492 2558 AJ.
518 2526 728 2558 abscondisti
753 2527 834 2559 edd.
870 2539 936 2558 non
959 2539 1000 2558 ne
1022 2528 1138 2572 attiqa

255 2583 321 2621 W,
345 2586 426 2614 ante
449 2583 498 2614 A.
531 2583 662 2627 attiqa,
687 2584 914 2626 superaddito
939 2589 952 2614 t
976 2584 1016 2615 L.
1055 2584 1136 2615 atti-

253 2650 316 2682 qas
339 2637 372 2670 J.

302 2689 399 2737 (pag.
417 2688 497 2729 76.)
509 2694 640 2726 tabetnc
656 2694 749 2726 Scal.
762 2695 856 2738 Lips.
867 2708 1021 2728 numeros
1034 2695 1142 2729 AJM.

253 2751 473 2794 proiecerunt
490 2755 569 2783 ante
582 2751 617 2782 J.
640 2752 850 2794 porricercnt
874 2752 909 2784 J.
933 2754 1142 2797 prosiccrcnt

257 2805 304 2838 Μ.
342 2812 423 2838 exta
458 2807 544 2844 JM,
578 2807 686 2838 Turn.
727 2807 830 2851 Aquo
851 2810 1142 2853 propinquantum

262 2863 299 2895 L.
324 2875 385 2906 pro
411 2864 447 2896 in
472 2869 634 2907 quantum
662 2863 732 2896 AJ.
760 2876 845 2907 aquo
872 2871 900 2896 tc
927 2867 964 2898 L.
993 2867 1027 2897 ni
1048 2872 1141 2897 ttctun

889 119 1094 159 NONIUS
1124 118 1459 159 MARCELLUS

1188 229 1342 266 steriis:
1372 230 1462 266 licet
1483 228 1616 266 videre
1633 228 1768 266 »nultos
1791 228 1933 265 cotidie
1956 227 2084 265 hicme*

1196 298 1241 336 in
1268 299 1344 336 sole
1374 299 1561 351 apricari.

1246 367 1439 405 ABSENTE
1482 381 1596 404 sums
1640 373 1680 405 ct
1708 381 1937 406 pntfflsl-:NTE
1965 381 2080 405 nolus

1197 450 1271 488 pro
1306 436 1582 489 praesentibus
1620 442 1659 474 et
1696 437 1924 476 absentibus
1955 437 2080 475 uobis.

1197 506 1363 544 Plautus
1375 506 1645 559 Amfitryone:
1667 520 1738 544 nec
1756 507 1862 544 nobis
1875 513 2082 560 praesente

1201 577 1341 630 aliquis
1367 578 1595 630 quisquam,
1620 577 1698 614 nisi
1715 589 1861 614 servus.
1894 577 2081 615 Afranius

1200 646 1422 684 Auctione:
1452 647 1585 690 adest,
1609 647 1646 683 si
1669 647 1743 684 hac
1765 646 1922 684 absente
1945 660 2011 683 no-
2033 655 2080 685 20

1201 716 1257 753 bis
1283 717 1449 754 venierit
1471 731 1584 770 puer.

1253 787 1509 833 Annonam,
1558 786 1784 824 obsolefieri
1828 792 1867 824 et
1899 786 2084 824 memoria

1203 857 1302 894 tolli.
1332 857 1390 894 M.
1411 857 1570 895 Tullius
1591 857 1639 894 de
1656 856 1809 893 Officiis
1830 856 1898 893 lib.
1918 870 1968 892 ιιι
1993 870 2083 908 per-

1201 927 1345 963 niciose
1364 928 1466 963 enim
1478 926 1686 979 Philippus
1707 928 1748 963 in
1766 925 1983 971 tribunatu,
2002 940 2086 963 cum

1201 996 1322 1048 leyem
1348 997 1551 1048 agrariam
1576 996 1716 1047 ferret,
1735 1009 1852 1050 quam
1866 1001 1996 1033 tamen
2019 1010 2087 1032 au·

1201 1066 1352 1120 tiquari
1389 1066 1506 1114 facile
1538 1079 1678 1119 passus
1717 1071 1795 1110 est,
1828 1067 1870 1103 in.
1900 1079 1942 1103 eo
1975 1066 2084 1103 vehe-

1204 1143 1353 1174 menter
1379 1150 1421 1174 se
1449 1137 1689 1174 moderatum
1714 1135 1908 1188 praebuit.

1252 1207 1496 1251 ADLECTAT,
1521 1206 1671 1252 inlicit,
1700 1206 1885 1243 delectat.
1913 1205 1971 1243 M.
1988 1204 2086 1243 Tu!-

1200 1276 1276 1313 lius
1305 1276 1355 1314 dc
1382 1276 1619 1314 Senectute:
1661 1276 1716 1313 ad
1742 1290 1854 1330 quem
1875 1275 2083 1324 fruendum·

1200 1359 1278 1383 non
1313 1345 1423 1383 modo
1464 1346 1669 1389 retardat,
1709 1359 1843 1382 verum
1882 1345 2000 1382 etiam
2028 1346 2086 1381 in—

1199 1417 1298 1454 vitat
1325 1423 1444 1470 atque
1470 1417 1642 1453 adlectat
1668 1422 1859 1453 senectus.

1253 1487 1417 1532 Am‘ss,
1460 1486 1610 1523 utendo
1651 1486 1718 1522 vel
1755 1485 1796 1522 in
1839 1499 1951 1522 usum
1995 1498 2085 1523 con-

1199 1561 1364 1608 sumpta.
1400 1556 1568 1593 Plautus
1596 1555 1800 1594 Asinaria:
1842 1555 1907 1593 ubi
1936 1555 2020 1599 illa,
2042 1563 2085 1592 230

1202 1639 1303 1680 quae
1338 1626 1431 1663 dedi
1467 1626 1586 1663 ante?
1612 1651 1655 1655 -θ
1696 1626 1840 1663 abusa:
1886 1626 2002 1663 nimis
2044 1639 2090 1663 ca

1203 1695 1398 1732 durarent
1419 1696 1526 1739 milii,
1552 1695 1699 1737 Mulier
1718 1697 1940 1733 mitteretur
1962 1697 2018 1733 ad
2040 1702 2090 1738 te,

1205 1778 1273 1802 nec
1300 1770 1338 1801 te
1368 1767 1575 1819 quicquam
1599 1779 1813 1819 pascerem.

1257 1834 1365 1872 Assa
1396 1848 1523 1881 vocs,
1554 1835 1639 1873 sola
1665 1850 1784 1882 voce,
1814 1835 1972 1886 linguae
2005 1840 2089 1872 tan-

1206 1905 1406 1942 tummodo
1446 1910 1514 1943 aut
1554 1906 1665 1944 vocis
1698 1905 1904 1951 humanae,
1933 1901 1987 1956 (p.
2004 1901 2092 1950 77.“)

1205 1989 1285 2013 non
1313 1975 1497 2013 admixtis
1531 1976 1618 2013 aliis
1641 1976 1814 2022 musicis,
1845 1989 1932 2014 esse
1959 1975 2091 2013 volue-

1355 2045 1484 2084 Varro
1522 2046 1571 2083 dc
1608 2046 1686 2084 vita
1721 2046 1766 2083 P.
1797 2046 1847 2085 R.
1882 2045 1951 2083 lib.
1971 2060 2022 2083 11:
2052 2048 2093 2083 iu,

1207 2116 1386 2153 conviviis
1428 2117 1547 2168 pueri
1587 2115 1750 2153 modesti
1799 2120 1842 2152 ut
1885 2122 2092 2153 cantarent

1205 2050 1309 2083 runt.

1206 2186 1381 2223 carmina
1396 2187 1562 2239 antiqua
1579 2214 1591 2230 ,
1621 2186 1662 2222 in
1677 2185 1818 2239 quibus
1833 2186 1963 2222 laudis
1978 2191 2092 2223 erant

1205 2257 1390 2292 maiorum
1402 2283 1414 2299 ,
1444 2260 1481 2292 et
1502 2268 1593 2291 assa
1620 2268 1708 2291 voce
1741 2260 1778 2291 et
1805 2268 1891 2292 cum
1908 2255 2087 2293 tubicine.

1206 2325 1317 2363 Idem
1346 2324 1471 2370 Cato,
1500 2325 1563 2363 vel
1602 2325 1651 2362 dc
1686 2325 1823 2362 liberis
1857 2325 2087 2363 educandis:

1200 2484 1235 2503 α.
1262 2474 1341 2503 ante
1366 2472 1413 2503 A.
1451 2471 1642 2503 Iratus...
1662 2473 1801 2503 ‚liceret
1825 2469 2028 2514 chulielin.
2058 2482 2089 2504 ιο

1200 2527 1249 2560 Μ.
1265 2539 1368 2559 essem
1381 2526 1494 2572 adquo
1508 2528 1588 2559 edd.
1604 2527 1686 2559 ades
1699 2527 1735 2559 J.
1760 2526 1875 2558 adeste
1887 2525 2027 2569 chran-
2051 2538 2089 2561 20

1203 2585 1277 2616 cke.
1305 2584 1336 2615 si
1359 2583 1413 2614 hic
1437 2585 1484 2616 M.
1515 2584 1646 2615 venerit
1668 2583 1705 2615 J.
1744 2583 1913 2614 invenerit
1935 2586 2014 2614 ante
2039 2583 2087 2613 A.

1207 2640 1387 2672 invenierit
1412 2640 1482 2671 XV.
1508 2640 1653 2671 venierit
1679 2639 1796 2682 puerit
1818 2639 1860 2670 L.
1899 2639 2028 2670 abusa:
2053 2648 2090 2673 30

1206 2708 1283 2727 nam
1307 2696 1338 2726 si
1361 2708 1400 2727 ca
1427 2696 1507 2728 edd.
1545 2707 1712 2737 poscerem
1737 2695 1816 2727 cdd.

1248 2751 1369 2784 laudes
1402 2758 1497 2783 erant
1530 2755 1608 2783 ante
1634 2751 1682 2782 Μ.
1729 2751 1866 2782 tibicine
1890 2748 1984 2793 (pag.
2006 2747 2088 2786 77.)

1206 2809 1316 2840 ΑιΙῘῢΙ.
1355 2820 1485 2839 summa
1525 2820 1584 2852 ope
1628 2808 1790 2851 refecerat
1828 2806 2030 2849 chuliclm.
2056 2817 2088 2840 10

1211 2868 1265 2897 τοῦ
1284 2863 1405 2903 ,Ἰαιρός
1427 2861 1617 2896 τότιαιὸιόι.
1645 2865 1715 2907 περὶ
1737 2861 1861 2895 marion
1870 2861 1948 2900 oda,-
1962 2863 2028 2906 ch.
2055 2873 2089 2897 2⁴¹
