2174 3267
496 184 528 222 Ι.
582 184 656 222 DE
684 182 1090 224 PROPRIETATE
1118 185 1445 226 SERMONUM.

68 295 192 334 Varro
205 291 606 331 Gerontodidasealo:
634 292 844 330 vehebatur
857 307 941 331 cum

65 377 184 401 uxore
207 362 377 399 vehiculo
403 362 518 399 semel
548 368 618 400 aut
647 362 703 400 bis
729 376 833 400 anno
856 377 941 402 eum

66 444 226 470 arcera.-
253 431 289 468 si
313 444 392 468 non
410 431 541 475 vellet,
572 445 650 469 non
669 438 876 470 sterneret.

71 508 112 539 10
182 500 354 538 Tnonm
400 500 697 551 significantiam
739 502 940 554 propriam

64 570 190 607 Varro
213 570 395 607 Bimarco
415 570 588 608 ostendit
608 587 616 607 :
642 571 728 608 ideo
750 571 848 623 fuya
873 573 938 609 Ιιο-

61 640 175 677 stiam
195 638 330 677 Graece
353 645 515 677 vocatur
539 645 671 693 trope:
700 640 788 678 hinc
816 642 939 694 spolia

61 715 176 763 capta
230 708 314 758 fixa
358 711 400 746 in
454 709 646 762 stipitibus
689 711 940 763 appellantur

59 784 234 831 tropaea.

110 848 281 894 Lnxmu,
307 848 350 886 id
377 854 458 895 est,
488 850 639 888 vulsum
674 854 714 888 et
736 849 827 888 loco
856 864 938 888 mo-

59 923 156 964 tum3
181 918 289 970 quod
307 933 410 957 nunc
423 919 551 958 luxuri
574 920 702 970 ignari
716 919 858 958 Latine
882 920 938 958 di-

60 988 192 1026 cimus.
235 988 336 1026 Inde
369 989 546 1035 luxuria,
579 990 669 1042 quia
698 1004 720 1026 a
749 994 858 1027 reeta
882 991 938 1028 vi-

59 1059 177 1096 vendi
201 1058 261 1096 via
293 1059 344 1096 sit
370 1058 529 1097 exclusa
560 1064 600 1097 et
621 1061 758 1097 eiecta.

111 1128 297 1166 Commu
327 1133 482 1167 veteres
506 1130 714 1181 coquinam
738 1130 940 1174 dixerunt,

60 1210 139 1234 non
154 1202 196 1235 ut
210 1212 313 1235 nune
328 1198 469 1247 vulgus
484 1203 608 1248 putat.
637 1198 764 1235 Van-0
780 1198 939 1236 Modioz

60 1274 106 1304 20
124 1273 162 1303 et
176 1268 245 1304 Ῐιοο
260 1267 423 1304 interest
437 1268 541 1304 inter
562 1265 779 1320 Epicurum
812 1273 849 1304 et
868 1280 938 1319 ya-

57 1348 198 1373 neones
227 1342 399 1380 nostros,
421 1335 558 1389 quibus
579 1337 753 1373 modulus
777 1342 834 1373 est
851 1337 939 1374 vitoe

58 1405 196 1443 colina.
226 1406 390 1443 Plautus
414 1405 685 1444 RIustellaria:
713 1407 777 1443 exi
807 1420 827 1443 e
850 1406 938 1444 eoli-

57 1489 112 1513 na
135 1476 190 1513 sis
221 1474 346 1524 foras,
373 1477 576 1528 mastiqia,
608 1474 690 1523 Qui
712 1476 808 1513 mihi
834 1477 940 1513 inter

56 1547 216 1599 patinas
241 1545 392 1582 exhibes
416 1547 609 1597 arqutias.
642 1544 770 1583 Varro
793 1545 842 1583 de
858 1546 939 1584 vita

59 1616 199 1667 populi
221 1615 389 1653 Romani
420 1615 490 1653 lib.
510 1616 542 1652 i:
579 1628 659 1669 qua
692 1614 767 1664 sini
793 1618 843 1653 sit
869 1629 939 1652 an-

59 1686 138 1722 tica
173 1690 209 1722 et
234 1687 405 1738 postica:
445 1685 495 1722 In
528 1687 676 1738 postica
702 1691 819 1738 parte
855 1691 942 1722 erat

60 1755 184 1792 colina
194 1770 209 1799 ,-
238 1756 344 1792 dicta
381 1754 428 1791 ab
458 1768 518 1799 eo,
551 1755 654 1809 quod
685 1754 738 1791 ibi
769 1754 942 1791 colebant

60 1827 198 1876 iqnem.
231 1824 542 1877 Locupletiorum
569 1825 703 1861 domus
725 1836 840 1877 quam
855 1823 940 1874 fue-

60 1896 142 1931 rint
167 1894 360 1946 anqustiis
386 1893 630 1946 paupertinis
660 1898 820 1936 coactoe,
853 1893 940 1944 ipsa

60 1965 217 2001 nomina
244 1963 462 2001 declarant.

103 2083 140 2113 in
164 2092 233 2113 om.
247 2082 315 2113 XV.
328 2080 538 2112 L.J.Palm.
564 2080 698 2112 inanno
712 2079 872 2112 habetA.
891 2080 937 2111 M.

105 2149 232 2169 arcera.
271 2137 314 2168 1η
337 2137 401 2167 xii.
426 2136 555 2167 tabulis
595 2136 650 2166 uni
673 2136 719 2172 it,
745 2136 779 2166 in
807 2136 861 2166 ius
884 2147 939 2167 vo-

108 2200 198 2231 cato,
233 2194 265 2224 si
297 2193 431 2224 morbus
463 2192 662 2235 aevitasque
692 2193 816 2222 vitium
849 2192 940 2226 escit,

107 2251 167 2294 qui
196 2250 234 2281 in
264 2250 319 2280 ius
345 2248 475 2280 vocabit
507 2249 692 2279 iumentum
716 2247 815 2283 dato,
852 2260 941 2279 arce-

105 2317 181 2336 ram
214 2317 254 2336 ne
279 2305 449 2336 sternito.‘
490 2303 532 2346 ej.
558 2303 667 2335 Palm.
709 2304 740 2334 si
763 2315 827 2334 non.
853 2304 943 2334 volet

108 2372 258 2393 arceram
290 2373 331 2391 ne
365 2360 507 2391 sternito
543 2358 586 2401 ej.
612 2359 660 2390 Μ.
695 2370 712 2390 e
744 2358 803 2389 xii.
828 2357 939 2389 Tabh.

110 2429 143 2453 10
170 2417 292 2460 Tropei
325 2416 365 2447 L.
408 2414 561 2459 trophaei
597 2416 646 2447 A.
683 2418 719 2446 et
753 2419 870 2457 tropea
908 2418 941 2445 et

105 2473 266 2517 trophaea
291 2472 407 2503 iidem.
455 2472 606 2502 culinam
636 2472 682 2502 A.
712 2470 748 2502 J.
797 2471 941 2502 colinam

105 2528 213 2561 MSS.
224 2528 270 2560 M.
283 2527 358 2559 MS.
370 2528 405 2559 J.
420 2528 488 2558 XV.
502 2527 542 2557 L.
562 2539 627 2558 non
640 2527 773 2570 coquin.
788 2526 832 2569 ej
844 2527 941 2568 Lips.

107 2596 162 2627 ep.
189 2583 228 2615 4.
248 2582 309 2615 19.
338 2583 449 2614 Varro
474 2582 582 2614 modio
606 2582 745 2625 p.119.
769 2582 830 2615 10.
856 2582 941 2613 Tur—

107 2641 185 2671 neb.
209 2638 273 2671 28.
303 2638 364 2670 15.
389 2650 446 2669 nec
470 2637 530 2669 hoc
555 2637 599 2679 cj.
615 2638 658 2669 V.
674 2638 719 2669 1).
744 2649 779 2672 20
804 2639 938 2669 mustel-

110 2697 200 2726 laria
224 2696 293 2726 XV.
318 2695 365 2726 A.
403 2695 466 2725 cfr.
501 2706 536 2737 p.
563 2693 657 2725 259.
688 2692 749 2725 lss.
786 2691 868 2736 finis
900 2693 941 2737 cj.

109 2752 253 2794 Popula.
274 2749 315 2793 fit
338 2751 403 2782 W.

110 2807 212 2850 pituli
230 2807 350 2838 titulus
368 2818 421 2850 ap.
433 2807 585 2838 Varron.
611 2805 654 2848 ej.
668 2805 780 2836 Palm.
807 2817 839 2848 p.
855 2803 942 2836 154.

111 2867 208 2893 erant
232 2863 299 2892 XV.
323 2863 372 2894 M.
396 2868 470 2894 erat
494 2862 642 2894 L.A..J.
657 2862 800 2904 Popma.
827 2862 943 2892 culina

112 2919 149 2950 L.
173 2919 218 2950 A.
245 2918 392 2961 Popma.
414 2919 547 2961 fuerint
569 2920 635 2949 WV.
659 2918 699 2949 L.
725 2917 772 2949 A.
799 2916 943 2961 Popma.

449 2751 528 2789 Qua
548 2770 582 2774 -
605 2750 739 2794 postica
784 2753 861 2780 erat
892 2759 942 2780 ca-

1827 187 1886 225 59

1058 294 1288 332 MonEsTuM
1310 309 1331 331 a
1355 294 1534 338 modico,
1562 292 1636 331 hoe
1670 297 1731 330 est
1753 307 1773 330 a
1802 307 1884 330 mo-

1006 364 1160 410 derato,
1179 365 1365 416 positum.
1392 364 1521 401 Varro
1547 362 1708 401 Modio:
1736 376 1814 400 non.
1837 371 1883 400 30

1006 447 1066 471 eos
1082 440 1232 487 optume
1248 435 1404 477 vixisse,
1427 434 1496 486 qui
1512 433 1727 470 diutissime
1740 433 1886 476 vixent,

1004 504 1077 540 sed
1102 504 1171 557 qui
1194 502 1492 546 modestissime,-
1520 502 1563 538 id
1591 507 1665 548 est,
1693 501 1859 540 modice.

1058 571 1206 609 INFANS
1225 586 1247 608 a
1265 584 1343 608 non
1361 571 1480 608 fando
1501 571 1628 607 dictus
1645 575 1714 608 est.
1744 571 1887 609 Cicero

1006 642 1047 678 in
1083 640 1279 679 Oratore:
1330 653 1422 677 nam
1454 644 1492 676 et
1527 638 1699 687 infantes
1731 635 1887 691 (p.56.)

1006 712 1167 748 actionis
1199 723 1300 761 Scepe
1337 709 1509 758 fructum
1537 709 1722 747 tulerunt.
1750 709 1805 747 Et
1826 715 1889 747 est

1007 781 1113 833 quod
1138 785 1204 818 aut
1229 780 1308 817 diei
1330 793 1409 817 non
1430 778 1596 824 debeat,
1623 782 1691 816 aut
1710 779 1785 816 fari
1809 792 1889 816 non

1006 850 1145 902 possit.
1189 848 1290 887 Nam
1320 854 1361 887 et
1386 849 1558 886 infantes
1582 861 1707 900 usque
1743 862 1790 886 eo
1820 862 1888 900 ap-

1006 920 1185 971 pellandi
1204 924 1315 965 sunt,
1340 919 1469 957 donec
1487 918 1681 969 eoeperint
1695 917 1780 955 fari.
1808 916 1888 954 Lu-

1008 990 1122 1027 cilius
1152 989 1221 1027 lib.
1244 989 1376 1026 xviiii:
1415 994 1459 1025 nt
1488 988 1604 1041 pueri
1624 986 1798 1035 infantes
1825 986 1888 1033 fa-

1732 1056 1787 1094 Et
1813 1070 1888 1093 xv:

1008 1135 1051 1166 ut
1074 1130 1189 1182 pueri
1218 1128 1391 1175 infantes
1417 1128 1598 1170 eredunt,
1618 1128 1730 1179 siqua
1759 1126 1888 1163 omnia

1007 1060 1114 1097 ciunt
1155 1059 1418 1096 mulierculam
1458 1057 1672 1094 honestam.

1008 1211 1111 1235 aena
1135 1197 1275 1234 Vivere
1309 1202 1345 1233 et
1377 1209 1457 1233 esse
1480 1196 1663 1232 homines.
1694 1195 1888 1247 Virgilius

1004 1267 1097 1304 AEn.
1119 1267 1188 1304 lib.
1204 1266 1250 1303 ii:
1277 1265 1500 1313 infandum,
1529 1266 1682 1317 ruffina,
1707 1264 1811 1301 iubes
1826 1278 1886 1301 re-

1005 1349 1149 1374 novare
1194 1335 1372 1373 dolorem.
1440 1334 1568 1373 Varro
1599 1334 1714 1371 Onos
1759 1333 1886 1386 lyras:

1004 1420 1113 1444 voces
1144 1404 1361 1455 Amfionem
1401 1405 1651 1457 trayoedmn,
1689 1403 1819 1441 iubeas
1842 1411 1886 1441 10

1005 1476 1197 1526 Amfionis
1212 1488 1329 1528 agere
1340 1476 1470 1528 partis
1492 1474 1759 1522 insantiorem,
1772 1486 1890 1528 quam

1005 1560 1112 1584 meus
1154 1552 1212 1583 est
1255 1546 1383 1583 mulio.
1440 1545 1587 1583 Accius
1624 1544 1887 1583 Athamante:

1002 1618 1232 1670 priusquam
1257 1615 1392 1663 infcms
1416 1615 1572 1667 facinus
1607 1615 1706 1652 oculi
1729 1627 1887 1651 vescun-

1007 1692 1073 1723 tm·
1093 1687 1163 1723 tui.
1202 1686 1331 1723 Varro
1360 1685 1668 1723 Eumenidibus:
1698 1689 1889 1737 postremo

1005 1768 1114 1791 nemo
1144 1760 1310 1806 oengotus
1342 1757 1547 1809 quicquam
1584 1755 1754 1791 somniat
1794 1753 1889 1791 Tam

1004 1823 1211 1874 infandum
1221 1852 1234 1868 ,
1259 1825 1363 1878 quod
1384 1838 1462 1860 non
1478 1824 1618 1877 aliquis
1640 1824 1747 1860 dicat
1761 1821 1888 1871 filoso-

1002 1893 1116 1946 phus.
1148 1892 1290 1930 Cicero
1315 1894 1364 1930 de
1391 1892 1564 1930 Oratore
1594 1892 1664 1929 lib.
1686 1893 1751 1928 iii:
1778 1892 1889 1928 modo
1944 1934 1947 1935 ⁷

1005 1962 1074 1999 hoc
1101 1967 1267 2006 constet,
1295 1975 1421 2015 neque
1448 1962 1656 2013 infantiam
1684 1962 1786 2005 eius,
1822 1961 1892 2014 qui

1044 2080 1156 2124 fuerit
1178 2080 1282 2121 Vulg.
1320 2089 1356 2114 30
1380 2079 1512 2111 dixisse
1544 2080 1611 2111 XV.
1637 2080 1677 2110 L.
1716 2078 1748 2109 d.
1778 2078 1886 2109 vixis-

1049 2142 1122 2167 sent
1147 2137 1187 2168 L.
1212 2136 1366 2167 vixerint
1390 2137 1439 2167 A.
1465 2136 1500 2168 J.
1526 2136 1645 2167 visent
1670 2134 1739 2165 XV.
1764 2145 1833 2176 mg.
1851 2133 1887 2166 J.

1049 2192 1147 2235 prob.
1181 2191 1311 2224 Guliel.
1341 2190 1375 2223 1.
1405 2190 1467 2223 15.
1507 2191 1629 2222 vixent
1652 2201 1719 2221 om.
1743 2190 1888 2233 Popma.

1050 2248 1088 2279 id
1112 2253 1163 2279 est
1185 2247 1313 2279 modice
1337 2258 1405 2279 om.
1431 2248 1574 2290 Popma.

1008 2314 1085 2347 pag.
1113 2303 1177 2335 56.
1210 2304 1362 2347 infantes
1393 2305 1458 2335 cfr.
1491 2303 1599 2335 Turn.
1625 2301 1692 2334 29.
1719 2301 1757 2334 2.
1802 2302 1888 2346 sari.

1051 2360 1168 2390 curius
1205 2361 1231 2392 I.
1258 2361 1377 2392 xviiii.
1421 2360 1529 2392 MSS.
1567 2361 1618 2391 M.
1652 2359 1722 2390 W.
1760 2359 1802 2390 L.
1838 2357 1887 2390 A.

1054 2414 1174 2447 1526.
1191 2416 1227 2448 J.
1259 2415 1380 2448 1585.
1408 2416 1569 2448 Lucilius
1593 2415 1634 2459 ej.
1659 2415 1745 2448 Jun.
1771 2426 1823 2458 pr.
1837 2414 1887 2446 M.

1051 2470 1115 2501 cfr.
1154 2471 1313 2503 Laetant.
1342 2471 1373 2503 1.
1401 2470 1474 2509 203
1510 2471 1545 2503 1.
1572 2469 1639 2503 22.
1677 2471 1735 2514 qui
1771 2470 1890 2501 laudat

1048 2524 1113 2557 lib.
1140 2538 1197 2559 xx.
1221 2533 1254 2558 et
1272 2528 1375 2571 pueri
1398 2528 1468 2559 W.
1494 2527 1536 2559 L.
1563 2527 1609 2558 A.
1642 2531 1681 2557 ut
1702 2538 1740 2569 p.
1766 2526 1887 2567 vulgo.

1050 2587 1098 2612 est
1122 2583 1217 2613 milio
1247 2583 1297 2615 A.
1327 2581 1442 2615 1526.
1479 2583 1585 2614 mulio
1623 2581 1668 2626 cj.
1693 2582 1796 2613 Bent.
1838 2587 1889 2613 est

1044 2638 1188 2680 pumilio
1214 2638 1258 2682 cj.
1284 2639 1414 2671 Roald.
1439 2639 1556 2682 infans
1580 2651 1668 2670 esses
1691 2638 1830 2680 facinus
1853 2637 1888 2670 J.

1054 2691 1159 2724 1585
1177 2694 1283 2725 Turn.
1297 2696 1353 2738 qui
1372 2699 1486 2726 tamen
1505 2696 1618 2726 delere
1635 2694 1775 2726 volebat
1791 2705 1888 2725 esses.

1055 2768 1088 2772 —
1119 2760 1206 2780 esses
1231 2761 1298 2782 om.
1324 2750 1434 2783 MSS.
1459 2751 1587 2784 MWV.
1605 2751 1648 2782 L.
1664 2749 1708 2781 Α.
1743 2750 1890 2793 infantis

1053 2805 1123 2836 VV.
1149 2805 1291 2848 infor-tis
1314 2806 1356 2838 L.
1384 2809 1449 2839 cfr.
1475 2820 1510 2850 p.
1526 2805 1621 2844 416,
1645 2805 1705 2837 12.
1734 2816 1766 2839 10
1789 2804 1889 2836 vesti-

1053 2865 1158 2890 uulw·
1183 2861 1307 2895 VV.A.
1332 2865 1539 2894 vesciumtur
1562 2863 1605 2895 L.
1629 2867 1814 2894 vescuntur
1838 2859 1890 2890 tui

1055 2915 1168 2949 Turn.
1192 2927 1223 2947 v.
1248 2919 1311 2950 mei
1334 2919 1427 2952 idem
1455 2918 1515 2951 15.
1544 2918 1581 2951 1.
1618 2919 1729 2950 Varro
1754 2914 1888 2947 Eudae-
