2174 3267
240 206 315 233 XV!

241 306 419 366 Quodsi
456 306 572 351 enim
605 319 629 346 a
667 318 747 345 sex
786 300 1026 362 postremis
1063 296 1283 360 capitibus
1321 297 1608 356 discesseris7
1644 314 1743 359 qua·
1780 296 1838 341 ad
1872 296 2077 342 Pollucis

242 386 497 448 exemplum
545 384 666 426 varia
713 382 894 426 nomina
943 396 1119 438 rernm7
1169 397 1268 442 qua*
1322 378 1521 424 eiusdem
1567 385 1672 422 sunt
1719 379 1926 440 generis⁷
1972 394 2078 422 cnu-

240 474 433 523 merant,
466 463 692 527 reliquum
728 480 893 526 corpus
929 462 1061 508 facile
1097 479 1181 525 pro
1217 461 1317 506 rudi
1351 461 1667 525 indigestaque
1701 460 1819 506 mole
1849 458 2079 515 habueris,

241 565 376 609 quam
412 544 656 606 disponere
693 552 738 590 et
772 546 818 588 in
854 543 1058 589 ordinem
1092 543 1301 605 redigere
1338 560 1393 587 ne
1416 544 1513 604 ipsc
1540 541 1721 603 quidem
1744 548 1903 585 auctor
1928 556 2078 601 operae

240 629 435 690 pretium
490 643 589 672 esse
644 626 835 670 duxerit.
904 625 1147 669 Putaveris
1203 640 1302 669 csse
1358 630 1573 685 excerpta
1631 639 1687 667 ex
1748 620 2079 666 commentariis

241 708 380 771 paulo
423 707 728 766 doctioribus,
778 708 854 769 qui
893 708 938 750 in
981 704 1225 750 verborum
1274 722 1354 749 usu
1391 705 1643 750 accuratius
1678 700 1948 747 illustrando
1982 717 2080 746 ver-

241 791 326 834 sati
360 789 539 834 suerint.
578 787 675 834 Sed
710 787 831 832 aliud
862 785 971 849 quid
991 792 1225 847 spectasse
1260 794 1492 831 auctorem
1526 786 1613 829 iam
1648 782 1752 829 inde
1791 782 2080 828 manifestum

242 879 340 927 est,
377 870 501 933 quod
537 871 755 915 maiorem
790 868 908 912 illius
942 866 1187 929 farraginis
1224 874 1400 929 partem
1435 867 1492 911 ad
1526 867 1686 911 Lexici
1721 865 1915 910 sormam
1962 880 2082 908 com-

241 953 459 1014 posuerit.
527 951 590 995 Et
625 950 733 994 mihi
767 948 976 1011 quidem7
1020 965 1117 992 rem
1152 949 1404 992 accuratius
1441 948 1740 1005 examinanti,
1776 962 1883 1008 pars
1919 952 2081 1008 quarta

243 1034 380 1078 totius
416 1031 520 1076 libri
568 1037 706 1092 caput
741 1046 840 1075 esse
876 1027 1082 1086 videtur7
1128 1030 1298 1090 quippe
1345 1028 1390 1071 in
1435 1043 1524 1088 qua
1558 1025 1615 1069 ad
1650 1033 1818 1071 certam
1855 1024 2083 1087 quandam

243 1130 479 1171 normam,
528 1129 722 1175 quorum
768 1108 1014 1155 verborum
1047 1110 1289 1171 explicatio
1324 1109 1462 1153 Nonii
1507 1113 1638 1152 aetate
1682 1107 1939 1153 necessaria
1984 1122 2084 1150 csse

243 1194 497 1251 videbatur⁷
532 1196 666 1238 varias
703 1193 1058 1256 significationes
1094 1193 1367 1253 optimorum
1391 1192 1663 1251 scriptorum
1687 1190 1953 1235 testimoniis
1986 1187 2084 1233 illu-

244 1285 395 1322 stratae
434 1277 615 1321 fuerint.
684 1274 781 1320 Sed
816 1275 989 1319 etiamsi
1025 1272 1121 1318 haec
1155 1290 1261 1334 pars
1307 1271 1363 1316 ad
1400 1272 1583 1328 Lexici7
1620 1270 1743 1333 quod
1778 1270 1957 1328 dicitur,
1993 1270 2085 1315 sor-

244 1377 363 1405 mam
397 1359 585 1420 propins
622 1356 822 1413 accedit,
866 1355 1007 1399 multa
1042 1363 1193 1400 tamen
1237 1361 1341 1398 sunt
1377 1355 1560 1410 omissa,
1608 1371 1708 1416 qnae
1743 1352 1819 1398 vel
1852 1352 1939 1397 illis
1974 1359 2085 1397 tem-

244 1440 433 1503 poribus
469 1438 546 1484 tali
579 1440 625 1482 in
661 1455 800 1500 opere
838 1439 1089 1482 accuratius
1127 1444 1255 1481 erant
1289 1435 1569 1497 explicanda.

372 1522 465 1566 Vix
502 1522 619 1566 enim
656 1537 837 1565 eausam
872 1518 1157 1581 probabilem
1193 1518 1374 1575 affcras9
1409 1534 1488 1562 cur
1522 1523 1682 1561 auctor
1721 1517 1915 1579 primum
1950 1523 2087 1578 caput

246 1618 271 1647 a
320 1608 484 1664 quarto
534 1602 811 1659 seiunxerit7
864 1601 948 1645 nisi
1000 1599 1187 1643 diversis
1240 1597 1519 1660 temporibus
1570 1596 1684 1641 duos
1734 1599 2085 1643 commentarios

244 1685 438 1745 scriptos
475 1700 575 1728 esse
611 1684 785 1727 statuis.
852 1682 980 1726 Inest
1013 1697 1123 1725 sane
1158 1681 1298 1741 priori
1334 1679 1569 1724 recondita
1615 1678 1821 1741 quaedam
1868 1687 1913 1725 et
1954 1679 2088 1724 altior

246 1765 454 1811 doctrina
500 1772 544 1810 et
580 1782 633 1810 ea
666 1765 950 1826 potissimum
984 1760 1207 1806 vocabula
1244 1759 1486 1820 explanata
1520 1767 1651 1818 sunt⁷
1699 1777 1799 1822 quae
1843 1760 2026 1823 longius
2061 1778 2086 1804 a

245 1846 422 1908 vulgari
457 1863 668 1891 sermone
703 1845 934 1891 recedunt.
1003 1843 1107 1900 Qua
1145 1841 1199 1886 de
1238 1859 1286 1887 re
1321 1849 1370 1886 nt
1402 1843 1578 1886 variant
1611 1841 1684 1887 vel
1719 1842 1972 1888 doctiorum
2007 1843 2087 1889 ho-

245 1928 414 1971 minum
447 1926 627 1984 indicia,
662 1928 722 1970 ita
759 1925 897 1970 multa
930 1926 1130 1969 immixta
1166 1929 1286 1980 sunt⁷
1322 1940 1421 1984 quae
1446 1922 1725 1968 commodius
1750 1931 1913 1985 quarto
1940 1926 2087 1986 capite
2123 1959 2125 1961 .

249 2010 432 2053 tractari
479 2014 704 2069 poterant.
763 2008 842 2052 cfr.
887 2024 1121 2059 reserare,
1170 2006 1356 2069 aglilem,
1400 2012 1669 2066 paupertas,
1722 2007 1956 2053 ubzmdare
2002 2014 2087 2051 etc.

247 2087 345 2133 Sed
381 2090 436 2134 de
466 2091 741 2150 proprietate
775 2089 992 2134 sermonis
1035 2086 1155 2131 hunc
1199 2085 1363 2130 librum
1412 2086 1665 2147 inscripsit,
1700 2088 1833 2149 quia7
1868 2095 2087 2150 quantum

247 2187 332 2232 pro
367 2169 484 2213 illius
520 2169 670 2214 saiculi
705 2170 889 2230 ingenio
926 2168 1024 2212 lieri
1057 2174 1255 2229 poterat7
1291 2167 1542 2211 accuratius
1585 2169 1630 2211 in
1667 2169 1889 2230 originem
1925 2167 2088 2213 verbo-

249 2269 346 2296 rum
383 2252 629 2314 inquisivit⁷
664 2257 709 2295 ct
744 2248 976 2312 quomodo
1011 2248 1231 2294 translata
1266 2247 1536 2310 significatio
1572 2265 1596 2292 a
1626 2250 1815 2311 propria
1841 2248 2087 2295 derivanda

248 2334 322 2391 sit7
358 2350 442 2395 pro
478 2331 594 2376 virili
629 2333 851 2394 exposuit.

381 2412 530 2459 Multa
576 2430 760 2475 quoque
807 2415 852 2457 in
900 2412 1100 2458 secundo
1147 2414 1294 2475 capite
1344 2419 1617 2471 tractantur,
1668 2431 1767 2476 quae
1804 2427 2087 2476 quanorma

250 2496 400 2542 iudicii
434 2494 652 2558 peculiari
687 2496 1009 2540 commentario
1047 2490 1270 2556 explicata
1305 2495 1409 2551 sint⁷
1459 2495 1533 2538 vix
1568 2496 1837 2557 assequaris.
1895 2494 1992 2540 Sed
2026 2495 2087 2538 vi-

252 2577 415 2623 dentur
450 2575 547 2620 haec
584 2592 683 2620 csse
720 2578 953 2634 seiuncta„
999 2575 1122 2638 quod
1170 2575 1348 2620 illorum
1392 2573 1624 2619 hominum
1670 2575 1830 2621 iudicia
1875 2575 1930 2621 de
1964 2577 2007 2619 vi
2043 2583 2088 2620 et

251 2677 335 2704 usu
381 2656 625 2703 verborum
673 2675 697 2702 a
742 2656 970 2719 prioribus
1016 2655 1312 2718 scriptoribus
1363 2656 1450 2699 iam
1498 2657 1688 2701 maxime
1739 2656 2088 2701 abhorruerunt.

253 2740 368 2798 Quae
409 2741 525 2784 enim
561 2739 624 2783 illi
660 2740 780 2784 aetati
815 2737 1022 2784 obsoleta
1057 2735 1328 2782 videbantur
1370 2753 1522 2781 rerum
1567 2736 1817 2794 vocabula⁷
1864 2744 1941 2781 aut
1975 2753 2087 2799 quo-

251 2839 350 2866 rum
385 2820 628 2867 verborum
662 2819 952 2882 significatio⁷
985 2817 1127 2880 longo
1163 2818 1380 2880 temporis
1417 2819 1565 2880 spatio
1599 2824 1796 2874 mutata,
1831 2833 1858 2862 a
1892 2833 2008 2878 puro
2043 2822 2090 2861 ct

252 2901 443 2964 simplici
464 2919 674 2946 sermone
694 2900 876 2963 longius
898 2899 1057 2957 abfuit⁷
1082 2916 1133 2946 ca
1155 2898 1332 2944 Nonius
1356 2899 1554 2961 antiquis
1578 2897 1875 2960 scriptoribus
1907 2899 2088 2951 usitata,
