2174 3267
236 110 326 149 274

238 224 284 254 20
311 217 470 254 succede
492 215 723 267 paenatibus
744 216 902 269 hospes!
927 218 1114 257 Afranius

236 286 417 336 Excepto
432 301 441 321 ι
470 285 619 330 audite,
631 287 759 338 pueri,
779 300 927 337 pauca3
945 301 1012 324 vos
1030 301 1114 326 suc-

234 355 368 393 cedite.

286 424 432 469 SUmT,
456 424 495 460 in
519 425 744 462 memoriam
763 426 977 464 reducitur.
1003 426 1114 478 Virg.

232 493 333 531 Aen.
355 493 424 531 lib.
445 508 495 531 11:
523 494 621 532 subit
642 495 796 533 deserta
820 495 980 534 Creusa.
1011 496 1114 535 Sub-

231 563 289 601 ire
323 564 517 614 significat
553 565 719 615 ingredi.
775 565 887 615 Vix-g.
924 566 992 604 lib.
1024 581 1112 604 vni:

231 633 340 679 haec,
364 634 502 688 inquit,
523 634 656 671 limina
671 639 793 672 victor
806 634 964 672 Alcides
982 636 1110 673 subiit.

230 702 409 740 Lucilius
431 703 498 741 lib.
519 717 668 741 xxvul:
694 707 812 755 pueri
823 711 1033 756 praeterea
1047 720 1112 742 uo-

231 774 323 810 stris
352 775 422 827 qui
441 772 604 810 subeant
630 774 744 810 iubet.
791 775 950 819 Subire,
979 789 1113 812 suece-

231 842 339 880 dere.
368 843 496 881 Varro
512 844 724 894 Sexagesi:
754 848 794 880 in
812 858 978 898 quarum
993 845 1115 882 locum

230 911 431 948 subierunt
462 914 675 966 inquilinae
709 915 898 965 impietas,
928 915 1114 968 persidia,

230 982 482 1034 impudicitia.
507 982 665 1028 Subire,
678 983 862 1028 subdere,
875 998 1115 1036 supponere.

235 1051 340 1102 Virg.
375 1051 442 1089 lib.
465 1066 510 1089 x:
549 1052 708 1089 Aeneae
741 1053 855 1090 subiit
883 1068 1115 1099 mucronem,

235 1128 280 1158 30
303 1122 503 1174 ipSnmque
517 1123 703 1159 morando
714 1122 920 1160 Sustinuit.
955 1125 1115 1169 Subire,

231 1191 352 1234 nasci,
371 1204 632 1230 succrescere.
656 1192 764 1243 Yirg.
784 1193 823 1229 in
841 1193 986 1245 Georg.
1004 1195 1113 1232 lih.1:

231 1274 280 1297 ne
303 1261 465 1298 subeant
482 1261 637 1306 herbae,
656 1276 729 1299 neu
747 1264 905 1314 pulvere
928 1266 1030 1301 victa
1052 1264 1114 1315 fa-

232 1332 358 1367 tiscat.
391 1331 549 1376 Suhire,
564 1333 742 1383 aggredi,
758 1333 982 1370 succedere.
1003 1334 1113 1384 Virg.

234 1398 411 1451 (p.404.)
426 1401 492 1437 lil).
506 1416 589 1438 vnn
601 1418 608 1438 :
619 1402 844 1456 Gallumque
852 1403 1113 1440 Herbaesmn-

233 1484 307 1524 que
319 1470 436 1507 subit.
459 1471 617 1516 subire.
636 1474 897 1523 respondere,
913 1475 1114 1512 resistere.

234 1539 290 1577 Μ.
308 1541 467 1577 Tullius
494 1542 532 1577 in
554 1541 720 1579 Verrem
747 1542 1022 1581 Divinatione:
1048 1558 1115 1595 po-

232 1610 378 1647 terisne
407 1611 488 1647 eius
516 1612 685 1648 orationi
709 1612 868 1648 subire?

287 1679 448 1717 Saena
488 1681 633 1720 dicitur
671 1682 866 1719 excidere.
907 1683 1016 1732 Virg.
1047 1682 1115 1720 lib.

236 1763 328 1786 vni:
359 1750 486 1803 qualis
507 1750 659 1787 Nereia
680 1751 788 1788 Dato
810 1758 846 1788 et
869 1751 1038 1790 Galatea
1058 1766 1116 1790 se-

236 1825 328 1859 cant
341 1826 583 1871 spumcmtem
595 1827 750 1874 pectore
763 1827 937 1875 pontum.
956 1823 1117 1869 Secare,

237 1889 363 1941 sequi,
390 1890 494 1926 unde
525 1895 565 1927 et
592 1896 808 1928 sectatores
838 1892 1033 1930 bonorum
1057 1907 1117 1930 se-

238 1959 358 1996 ctoris
381 1959 477 1996 dieti
509 1965 612 1997 sunt.
641 1960 832 2012 Virgilius
853 1961 920 1998 lib.
943 1976 987 1999 x:
1019 1976 1120 2016 quae

237 2029 375 2082 cuique
397 2034 454 2065 est
477 2029 641 2080 fortuna
666 2030 792 2075 hodie,
821 2044 936 2084 quam
957 2032 1121 2085 quisque

243 2105 286 2136 10
317 2104 422 2136 secat
447 2112 566 2151 spem.

288 2167 550 2213 SQUALIDUM,
574 2169 689 2206 sicuti
711 2170 955 2221 plerumque,
978 2170 1123 2208 dicitur

239 2237 452 2274 sordidum.
496 2237 607 2288 Virg.
642 2239 679 2275 in
709 2239 810 2276 Aen.
838 2239 906 2276 lib.
928 2254 973 2277 11:
1001 2253 1119 2295 squa-

238 2306 378 2343 lentem
413 2306 591 2351 barbam,
632 2314 670 2345 et
701 2315 896 2346 concretos
930 2311 1121 2361 sanquine

239 2376 372 2413 crinis.
405 2376 652 2428 Squalidum,
676 2377 842 2429 fulgens.
868 2379 976 2430 Virg.
997 2378 1119 2416 lib.x:

240 2522 275 2546 20
304 2513 421 2555 pueris
447 2510 636 2554 chrDusa.
684 2516 865 2546 orationem
891 2516 962 2547 sub.
989 2516 1022 2547 J.
1059 2517 1122 2547 cfr.

241 2563 454 2610 (pag.404.)
478 2567 582 2600 Arus.
608 2571 712 2602 mess.
739 2584 768 2612 p.
788 2571 876 2604 259.
906 2573 1007 2603 Lind.
1063 2584 1124 2615 per

244 2633 276 2657 ιο
302 2629 374 2654 lun.
408 2625 470 2655 el'r.
498 2637 530 2667 p.
555 2625 647 2661 519,
666 2626 728 2658 25.
754 2627 848 2662 452..
869 2628 932 2659 27.
953 2629 1123 2671 possimus

240 2690 276 2713 20
303 2678 346 2710 G.
375 2680 412 2710 L.
449 2682 591 2711 sustulit
628 2682 690 2713 el'r.
726 2695 757 2724 p.
782 2683 874 2721 500,
904 2683 940 2715 6.
985 2684 1124 2715 Ιιιιηιὶάα

240 2745 276 2769 30
301 2736 346 2766 cs.
373 2748 404 2778 p.
429 2734 600 2770 405,10.
629 2737 768 2774 220,9.
794 2751 929 2772 xxviiii:
956 2742 1061 2772 latere
1078 2740 1121 2772 G-

240 2789 460 2833 (pag.405.)
501 2795 562 2823 cir.
598 2792 674 2824 Cic.
714 2794 815 2825 Tnsc.
839 2796 868 2826 I.
892 2790 920 2832 ἓ.
950 2795 1034 2828 107.
1062 2796 1119 2838 qui

242 2858 280 2878 ex
320 2848 425 2880 Ennii
462 2849 613 2890 Thyeste
649 2850 776 2880 iaudat.
812 2851 978 2882 Columna
1025 2855 1120 2894 putat

895 109 1100 148 NONIUS
1130 112 1463 151 MARCELLUS

1175 235 1248 273 per
1261 223 1431 260 tunicam
1453 224 1693 276 squalentem
1713 236 1825 267 auro,
1845 222 1947 259 latus
1963 221 2059 257 hau-

1177 293 1230 328 rit
1258 299 1449 344 apertum.

1232 360 1403 405 Senum,
1427 362 1589 411 eligans.
1612 362 1824 399 Terentius
1838 361 1876 397 in
1889 358 2058 396 Andria:

1174 441 1247 478 per
1266 436 1415 466 ecastor
1446 432 1561 467 scitus
1588 445 1688 483 puer
1711 437 1767 468 est
1795 436 1914 467 uatus
1939 428 2060 465 Pam-

1176 497 1293 550 philo.
1325 498 1383 536 M.
1402 500 1560 538 Tullius
1580 501 1618 537 in
1641 501 1807 538 Verrem
1826 500 1980 537 actione
1997 497 2060 535 Si-

1179 567 1417 605 ciliensium:
1448 575 1490 606 ut
1512 571 1628 607 etiam
1654 583 1737 614 nos,
1760 572 1829 623 qui
1852 570 1970 606 rudes
1990 568 2060 605 Ιια-

1182 651 1267 674 rum
1284 651 1417 675 rerum
1440 652 1584 683 sumus,
1599 640 1821 691 intellegere
1840 650 2060 691 possumus,

1182 709 1276 744 scite
1304 707 1411 755 facta
1441 715 1478 745 et
1508 716 1678 746 venuste.
2013 715 2059 745 20

1231 776 1367 813 Sem-:T
1394 779 1718 828 significationem
1749 777 1868 814 habet
1904 777 2061 814 claram.

1180 846 1289 896 Virg.
1307 847 1374 884 lib.
1386 861 1492 884 vnn:
1531 848 1687 884 Turnus
1703 852 1865 883 sacrata
1885 846 1985 883 valle
2004 859 2061 883 se-

1179 915 1309 953 debat.
1343 917 1483 961 Sedet,
1503 917 1646 967 placet.
1667 917 1776 967 virg.
1793 916 1917 953 lib.v:
1946 916 2064 971 idque

1177 986 1242 1038 pio
1258 986 1366 1022 sedet
1381 986 1534 1029 Aenae,
1558 985 1700 1038 probat
1725 990 1863 1022 auctor
1884 985 2062 1022 Acestes.

1235 1055 1436 1093 Susme
1458 1060 1518 1092 est
1530 1069 1661 1091 susum
1674 1055 1780 1099 tulit,
1795 1056 1933 1092 erexit.
1953 1054 2062 1106 Virg.

1180 1124 1280 1162 Aen.
1311 1124 1379 1161 lib.
1397 1138 1447 1161 11:
1485 1125 1642 1161 sustulit
1677 1130 1812 1161 exutas
1844 1124 1979 1161 vinclis
2012 1124 2066 1161 ad

1178 1187 1486 1246 sideraffiulmas.
1506 1194 1691 1239 Sustulit,
1707 1194 1882 1231 abstulit.
1896 1194 1950 1231 M.
1963 1193 2064 1232 Tul-

1180 1264 1255 1300 lius
1273 1264 1563 1315 Filippicarum
1587 1264 1652 1301 lib.
1678 1278 1722 1300 x:
1754 1277 1832 1306 eos,
1857 1264 1926 1317 qui
1954 1264 2068 1314 requi

1179 1347 1317 1371 nomen
1344 1335 1597 1376 sustulerint,
1634 1333 1868 1370 deserendos
1897 1333 2061 1383 putatis.

1180 1403 1293 1454 Virg.
1314 1405 1354 1440 in
1371 1401 1518 1453 Georg.
1542 1403 1609 1439 lib.
1628 1416 1661 1439 l:
1689 1402 1891 1439 sustulerit
1908 1402 2065 1454 fraffllis

1178 1473 1347 1510 calamos
1373 1473 1584 1525 silvamque
1611 1478 1825 1508 sonantem.
2017 1480 2063 1509 30

1233 1543 1448 1579 SPARGERE
1471 1542 1664 1592 significat
1679 1541 1882 1578 destillare
1897 1542 1958 1578 vel
1980 1547 2066 1591 gut-

1180 1612 1293 1649 tatim
1317 1612 1494 1648 fundere.
1527 1612 1634 1660 virg.
1659 1611 1724 1647 lib.
1740 1624 1817 1647 xu:
1834 1613 1985 1662 spargit
2001 1624 2066 1647 ra-

1178 1681 1276 1734 pida
1314 1681 1462 1731 ungula
1499 1693 1608 1717 rores
1644 1679 1902 1731 Sanquineos.
1954 1680 2067 1718 Idem

1181 1751 1250 1788 lib.
1272 1765 1353 1787 1111:
1381 1763 1569 1803 spargens
1589 1750 1720 1786 umida
1739 1751 1853 1788 mella
1880 1749 1936 1802 (p.
1950 1747 2066 1795 405.)

1181 1820 1516 1875 soporiferumque
1531 1834 1719 1873 papaver.
1754 1821 1968 1872 Spargere,
1989 1835 2067 1858 ma-

1183 1891 1377 1928 defacere.
1407 1890 1584 1928 Lucilius
1602 1890 1669 1928 lib.
1683 1904 1818 1928 xvuu:
1838 1891 1961 1928 latere
1972 1904 2067 1943 pen-

1183 1960 1295 2004 dens,
1320 1974 1420 1997 saxa
1446 1974 1634 2013 sparyens
1666 1960 1770 2005 tabo,
1794 1961 1904 1997 sanie
1925 1966 1961 1997 et
1976 1973 2067 1997 san-

1181 2032 1300 2081 =quine
1335 2036 1434 2067 atro.
1477 2031 1689 2081 Virgilius:
1719 2037 1899 2081 spumant
1928 2042 2066 2082 aspar—

1182 2100 1273 2153 9ine
1298 2106 1444 2138 cautes.
1496 2101 1711 2151 Spargere,
1734 2114 1929 2152 separare.
1956 2099 2066 2150 Virg.

1188 2168 1385 2220 inGeorg.
1399 2169 1467 2207 lib.
1481 2185 1538 2206 un
1550 2184 1557 2205 ι
1571 2170 1766 2206 diversum
1784 2170 1882 2206 latos
1895 2170 2067 2206 iuvenem

1185 2252 1367 2291 sparsere
1391 2253 1464 2292 per
1488 2253 1624 2276 auras.
1664 2240 1881 2290 Spargere,
1903 2239 2067 2289 inplere.

1189 2310 1296 2359 Virga
1324 2311 1424 2347 Aen.
1450 2309 1518 2346 lib.
1543 2323 1646 2345 vuu:
1678 2311 1808 2346 etiam
1826 2310 1954 2360 prima
1971 2321 2066 2345 novo

1186 2380 1395 2432 spar‘qebat
1415 2380 1557 2416 lumine
1576 2385 1718 2416 terras.
1750 2378 1964 2429 Spargere,
1980 2382 2066 2429 gnt-

1190 2517 1360 2548 Lucilium
1393 2517 1427 2547 iu
1454 2517 1526 2547 Sat.
1560 2515 1641 2546 haec
1668 2513 1825 2544 Enniana
1851 2512 1955 2544 verba
1981 2514 2067 2544 inse-

1188 2573 1311 2604 ruisse.
1353 2573 1447 2602 sanie
1474 2583 1537 2602 om.
1562 2571 1599 2602 J.
1626 2570 1732 2600 Dusa.
1772 2570 1980 2609 discerptum
2016 2592 2024 2600 .
2057 2593 2064 2600 .

1187 2640 1288 2671 [tyros
1329 2628 1430 2669 Vin-g.
1467 2628 1530 2658 cfr.
1556 2639 1587 2669 p.
1614 2625 1713 2660 404,
1739 2625 1803 2656 55.
1842 2624 1942 2662 220,
1966 2624 2004 2657 9.
2034 2636 2067 2659 10

1188 2685 1218 2715 si
1242 2684 1318 2715 Soc.
1346 2684 1385 2714 L.
1410 2684 1443 2715 J.
1465 2682 1560 2714 585.
1586 2682 1693 2713 Dusa.
1717 2683 1747 2712 si
1764 2682 1916 2713 Socratis
1939 2693 2067 2713 amores

1186 2740 1223 2769 in
1248 2739 1290 2769 al.
1315 2751 1372 2781 ap.
1397 2740 1540 2771 Dusam.
1575 2738 1621 2770 al.
1647 2739 1680 2768 in
1706 2738 1796 2780 ng.
1838 2738 1878 2769 Si
1901 2738 1993 2769 Socr.
2017 2742 2066 2768 est

1187 2796 1223 2826 in
1247 2808 1357 2827 amore
1382 2795 1531 2827 adolesc.
1556 2806 1647 2837 ru.p.
1667 2794 1715 2837 fi3
1749 2806 1776 2825 s.
1802 2806 1841 2825 ac
1864 2794 1895 2825 si
1917 2792 2007 2825 nihil
2031 2804 2064 2823 a.

1187 2850 1336 2893 chebh.
1359 2863 1390 2893 p.
1410 2850 1477 2883 65.
1518 2851 1567 2881 sic
1592 2850 1743 2881 Socratis
1776 2862 1905 2880 arum-es
1938 2850 1971 2879 iu
2006 2848 2063 2879 nd.
