2174 3267
378 172 477 211 1111.
532 170 607 208 DE
636 169 812 208 VARIA
843 167 1311 207 SIGNIFICATIONE
1341 166 1670 206 SERMONUM.

96 282 216 318 ramis
232 279 405 332 felicibus
420 277 547 315 arbos.
567 277 694 315 Varro
712 277 761 314 de
776 278 855 314 vita
872 278 919 316 P.
933 277 981 314 R.

96 350 164 388 lib.
183 365 234 388 11:
261 354 397 387 contra
421 361 516 385 novo
545 349 685 384 marito
716 360 799 383 cum
835 347 923 384 item
962 360 983 383 e

95 420 179 468 foco
216 422 256 457 in
288 420 403 455 itione
440 431 487 454 ex
521 416 629 468 felici
665 417 824 461 arbore,
868 422 905 453 et
941 418 982 453 in

95 490 255 544 aequali
279 496 384 542 a'qua
412 488 535 524 allata
565 492 677 525 esset.

149 559 397 603 FAsrmmM,
437 558 511 594 ima
543 557 727 594 altitudo.
768 556 878 606 Virg.
902 554 980 592 Ge-

102 637 146 668 10
180 642 265 678 erg.
305 627 373 665 lib.
403 641 454 664 ιιι
495 626 668 678 forsitan
705 632 755 670 et,
788 625 980 663 scrobibus

96 711 197 752 quae
211 699 290 734 sint
298 696 477 749 fastigia,
491 709 676 750 quaeras.
708 695 838 732 Varro
859 695 908 731 de
920 694 981 731 Re

95 768 240 805 rustica
259 767 328 804 lib.
341 780 370 803 1:
401 779 559 820 aquam,
583 779 684 820 quae
702 779 722 801 e
739 766 844 802 caelo
863 765 982 808 venit,

97 838 268 891 recipere
290 842 439 888 potest,
464 842 534 873 aut
552 835 751 887 fastzyz'vcni
776 835 912 879 habet,
941 839 983 871 ut

98 912 209 944 exeat
227 906 363 958 funde.
394 920 516 958 aqqer
535 907 580 944 is.

150 978 306 1023 quuz,
333 982 548 1015 ostentare.
576 976 688 1028 Virg.
704 975 770 1013 lib.
787 974 982 1026 xizcapti-

97 1060 143 1083 vo
173 1047 252 1083 sive
280 1052 323 1084 ut
347 1060 388 1083 se
416 1046 542 1098 ferret
569 1047 611 1083 in
635 1059 748 1090 auro,
773 1045 981 1082 Venatrix.

98 1116 245 1162 Ferre,
285 1116 570 1154 cousuetudine
607 1119 767 1166 portare
808 1114 984 1151 dicimus.

100 1187 211 1238 Virg.
244 1187 312 1223 lih.
344 1201 391 1223 v:
426 1188 490 1223 vix
524 1186 629 1223 illam
659 1185 802 1236 famuli
834 1183 985 1233 Fegleus

94 1256 330 1310 famulisque
343 1256 537 1307 ferebant.
550 1256 688 1299 Ferre,
704 1254 862 1291 habere.
876 1252 986 1303 Virg.

99 1326 167 1363 lib.
184 1339 229 1362 v:
258 1327 300 1362 in
328 1339 467 1377 maqno
495 1338 654 1362 nzunere
683 1324 837 1361 Cisseus
862 1323 987 1360 Ferre

99 1396 162 1432 sui
181 1396 347 1432 dederat
364 1400 648 1431 monumentum
669 1399 706 1430 et
719 1394 864 1446 piqnus
883 1405 986 1429 amo-

104 1474 150 1503 20
178 1466 248 1502 ris.
279 1464 421 1502 Filimn
443 1478 579 1501 nomen
597 1477 708 1500 sumn
726 1462 833 1510 ferre
847 1463 987 1500 voluis-

100 1541 170 1572 set.
202 1536 340 1580 Ferre,
360 1536 454 1585 pati.
493 1534 605 1585 Virg.
624 1533 725 1571 Aen.
752 1533 819 1570 lib.
840 1547 889 1570 11:
920 1533 988 1569 mi-

100 1618 230 1642 serere
260 1606 383 1642 animi
411 1618 488 1641 non
518 1605 639 1655 [liqna
663 1603 840 1654 ferentis.
872 1602 989 1639 Luci-

102 1676 177 1712 lius
221 1674 289 1712 lib.
313 1689 439 1712 xxvu:
488 1679 657 1712 ceterum
699 1673 888 1727 quicquid
925 1673 989 1716 sit,

103 1746 199 1799 qaid
218 1759 296 1781 non
319 1746 384 1788 sit,
405 1744 490 1792 fero
508 1757 632 1797 aequo
660 1745 786 1780 animo
809 1756 855 1779 ac
876 1741 989 1793 forti-

103 1822 176 1852 ter.
196 1815 339 1852 Animo
358 1814 521 1852 Proelio
541 1813 703 1864 caprino
720 1813 806 1864 peri
824 1813 988 1849 edones:

102 1899 181 1922 non
200 1897 332 1937 posses
354 1897 438 1920 eam
464 1883 629 1935 amplius
648 1881 843 1935 perferre,
862 1887 991 1919 tamen

102 1955 258 1997 suadet,
277 1959 319 1990 ut
336 1958 456 1989 notat.
477 1952 693 1990 Terentius
708 1952 873 1988 Heaut.:
901 1965 992 1987 nam

104 2036 216 2078 quem
230 2022 370 2074 ferret,
380 2023 416 2058 si
423 2027 626 2074 parentem
636 2036 709 2058 non
722 2021 846 2072 ferret
857 2034 968 2058 suum
976 2020 994 2057 Ρ

105 2094 251 2137 Ferre,
284 2105 506 2129 conserere.
548 2092 659 2143 Virg.
693 2091 761 2128 lib.
781 2105 826 2126 v:
857 2090 993 2145 quibus

107 2176 200 2201 acer
224 2159 337 2212 Eryx
356 2163 397 2199 in
422 2161 575 2214 praelia
606 2167 736 2198 suetus
768 2161 893 2199 Ferre
918 2173 998 2197 ma-

108 2296 203 2342 (pag.
215 2298 321 2335 502.)
337 2300 457 2330 exsilit
472 2298 567 2340 ng.
583 2299 630 2330 cf.
643 2310 673 2340 p.
688 2296 781 2332 559,
797 2296 860 2328 21.
888 2299 998 2327 l⁷arro

110 2356 158 2388 cf.
186 2368 220 2398 p.
242 2354 406 2392 182‚20.
432 2361 548 2387 contra
573 2367 605 2385 a.
632 2367 689 2386 n..
719 2355 795 2396 foco
821 2360 855 2384 in
882 2353 999 2383 titione

109 2413 333 2455 esu-,aquali
357 2423 446 2456 aqua
471 2412 583 2442 allata
608 2415 692 2441 esset
719 2409 828 2440 Turn.
848 2407 913 2443 29,
932 2407 996 2438 27.

114 2479 146 2503 10
170 2468 312 2510 Popma.
337 2469 380 2499 cf.
407 2480 439 2510 p.
457 2466 551 2503 465,
568 2465 634 2498 29.
671 2466 747 2497 Lib.
773 2465 802 2496 Ι.
824 2465 921 2507 fossa
946 2465 996 2494 ila

111 2525 233 2556 idonea
254 2523 333 2565 fiat,
358 2530 394 2554 ut
420 2535 544 2555 omnem
569 2534 691 2567 aquam
717 2523 761 2552 A.
794 2533 810 2552 e
829 2521 998 2551 Varrone.

112 2581 309 2624 subm-isque
345 2579 389 2612 A.
423 2582 469 2611 cf.
493 2593 526 2623 p.
555 2579 659 2615 421,
689 2578 723 2610 2.
771 2579 998 2620 interponunt

113 2648 148 2671 20
174 2636 219 2666 M.
248 2636 339 2668 Tull.
364 2636 404 2667 de
421 2636 493 2680 Off.
521 2637 597 2667 Lib.
616 2636 693 2666 III:
717 2635 776 2666 sed
801 2646 871 2665 cum
898 2635 998 2665 Basi-

113 2694 170 2723 lus
187 2693 233 2722 5⁵1.
247 2693 412 2729 Satrium,
429 2704 492 2735 pro
505 2693 631 2723 Animo
646 2693 871 2723 emendarunt
890 2692 1000 2721 Varro

114 2749 148 2781 J.
175 2752 208 2779 et
233 2747 342 2779 Merc.
382 2749 482 2792 quasi
515 2761 580 2779 non
615 2749 662 2779 sit
693 2748 724 2779 b.
762 2747 930 2790 chDusa.
967 2752 999 2777 et

113 2805 254 2845 fortiter
290 2805 333 2835 B.
371 2805 512 2847 fortiter
544 2805 674 2846 proelio
711 2805 865 2847 captivos
901 2815 999 2846 prae-

114 2860 218 2892 dones
250 2872 315 2890 non
351 2860 395 2890 A.
427 2861 460 2891 J.

114 2916 255 2958 chere.

512 2872 576 2891 non
598 2872 696 2901 posse
720 2873 754 2891 se
775 2861 925 2903 amplius
951 2859 995 2890 B.

300 2927 417 2958 posses
451 2927 485 2945 se
521 2916 672 2957 amplius
704 2915 749 2947 G·
788 2927 904 2959 posses
930 2916 996 2946 iam

1839 166 1929 205 20⁷

1045 291 1149 313 num.
1182 277 1320 321 Ferre,
1348 276 1583 313 disturbare.
1613 276 1722 327 Virg.
1749 276 1849 313 Aen.
1881 284 1926 313 30

1044 346 1112 383 lib.
1132 361 1166 383 1:
1195 348 1335 399 quippe
1363 346 1497 392 ferant
1523 347 1658 399 rapidi
1681 359 1806 383 secum
1842 359 1927 382 ver-

1044 422 1214 469 rantque
1242 429 1314 466 per
1345 428 1477 453 auraS.
1522 416 1572 452 Et
1598 416 1662 452 lib.
1689 431 1736 452 ιιι
1765 416 1836 452 alii
1862 429 1929 452 ra-

1042 487 1158 538 piunt
1170 487 1328 521 incensa
1342 484 1554 538 feruntque
1563 485 1775 537 Pergama.
1791 486 1930 529 Ferre,

1046 555 1202 599 dicere,
1234 554 1447 591 nominare.
1478 554 1589 605 Virga
1610 555 1709 591 Aen.
1744 553 1794 605 (p.
1809 549 1930 599 505.)

1044 625 1113 662 lib.
1142 638 1188 660 11:
1229 630 1265 660 et
1306 624 1430 660 scelus
1470 624 1695 676 expendisse
1727 630 1933 661 merentem

1046 693 1271 730 Laocoonta
1295 692 1445 744 ferunt.
1478 693 1529 730 Et
1544 693 1611 729 lib.
1626 707 1690 730 [ιιι
1713 707 1814 747 quae
1830 707 1933 731 »tunc

1045 763 1316 801 Samothracia
1336 762 1485 810 fertur.
1515 746 1654 808 Ferre,
1686 764 1793 808 dare,
1824 763 1934 800 exhi-

1047 834 1154 871 here.
1185 833 1297 884 Virg.
1314 833 1413 870 Aen.
1436 833 1502 870 lib.
1519 847 1580 870 111:
1610 846 1726 870 sacra
1759 833 1937 870 Dioneae

1047 904 1168 940 matri
1185 904 1359 958 divisque
1379 903 1564 951 ferebam.
1596 903 1736 949 Ferre,
1755 904 1848 954 pati.
1867 904 1935 942 Ci-

1049 987 1141 1010 cero
1162 974 1201 1010 in
1221 974 1387 1011 Verrem
1411 973 1459 1010 de
1486 973 1678 1011 Praetura
1705 973 1930 1012 Siciliensi:

1046 1048 1163 1096 prout
1194 1043 1388 1080 Temitani
1412 1043 1582 1080 homines
1604 1043 1814 1094 facultates
1833 1043 1935 1095 fere-

1049 1113 1156 1150 bant.
1213 1113 1265 1150 Et
1307 1112 1356 1150 de
1390 1112 1563 1150 Oratore
1592 1113 1660 1150 lib.
1688 1127 1739 1150 11:

1049 1188 1240 1219 vetustum
1265 1182 1421 1219 verbum
1448 1184 1524 1226 sic,
1559 1183 1664 1237 quod
1693 1188 1822 1220 tamen
1851 1197 1938 1221 con-

1780 1120 1837 1151 est
1868 1120 1937 1151 aut

1050 1253 1213 1289 suetudo
1241 1252 1349 1299 ferre
1375 1254 1510 1305 possit.
1542 1253 1681 1297 Ferre,
1713 1252 1862 1290 afferre.
1891 1262 1934 1291 10

1051 1323 1164 1373 Virg.
1183 1322 1251 1359 lib.
1269 1336 1328 1359 xl:
1356 1322 1478 1374 legati
1494 1334 1681 1375 responsa
1698 1321 1849 1373 ferunt.
1880 1323 1938 1360 M.

1052 1392 1212 1429 Tullius
1244 1393 1294 1429 de
1323 1392 1566 1443 Suppliciis:
1601 1392 1830 1444 prohibetur
1858 1394 1940 1430 suis

1050 1463 1180 1500 liberis
1200 1462 1322 1500 cibum
1335 1462 1591 1515 vestitumque
1609 1462 1732 1512 ferre.
1762 1461 1940 1500 Lucilius

1052 1532 1120 1569 lib.
1143 1546 1302 1569 xxvun:
1345 1531 1522 1582 colliqere
1550 1532 1758 1575 auxilium,
1788 1534 1945 1570 tametsi

1054 1608 1111 1639 est
1134 1603 1298 1654 indigna
1326 1607 1367 1639 ut
1386 1601 1528 1652 feram.
1574 1601 1605 1638 F
1611 1615 1719 1646 erre,
1754 1602 1941 1653 dirigere,

1056 1673 1213 1710 ducere.
1235 1672 1344 1723 Virg.
1368 1671 1439 1708 lib.
1461 1685 1521 1708 vl:
1550 1671 1640 1708 hinc
1655 1673 1732 1715 via,
1760 1671 1948 1709 Tartarei

1057 1755 1158 1796 quae
1182 1742 1262 1793 fert
1291 1742 1525 1778 Acherontis
1555 1742 1610 1778 ad
1634 1742 1793 1778 undam.
1824 1742 1943 1779 Luci-

1058 1812 1132 1848 lius
1159 1811 1227 1848 lib.
1253 1825 1351 1847 xxx:
1382 1811 1479 1864 quid
1510 1810 1583 1847 sibi
1608 1811 1704 1854 vult,
1731 1824 1854 1864 quare
1880 1810 1943 1860 fit,

1057 1887 1100 1918 ut
1120 1881 1372 1924 introversus,
1401 1886 1444 1916 ut
1469 1881 1524 1916 ad
1542 1886 1580 1917 te
1603 1879 1791 1932 Spectant
1825 1887 1944 1936 atque

1057 1950 1193 1998 ferant
1213 1952 1377 2002 vestigia
1393 1951 1522 1987 omnia
1537 1964 1577 1987 se
1591 1964 1755 2002 prorsus
1766 1950 1785 1987 ἶ)
1806 1951 1943 1998 Ferre,

1059 2020 1230 2057 laudare.
1263 2019 1442 2057 Lucilius
1461 2020 1641 2057 lib xxx:
1671 2027 1707 2058 et
1726 2022 1808 2058 sola
1828 2036 1874 2059 ex
1895 2031 1941 2061 20

1059 2090 1188 2127 multis
1216 2103 1319 2126 nunc
1345 2095 1481 2127 nostra
1506 2096 1686 2143 poemata
1713 2090 1827 2142 ferri.

1119 2160 1284 2197 FLUERE
1310 2164 1369 2197 est
1403 2160 1627 2198 decurrere.
1670 2161 1945 2214 Virg.Ge0rg.

1063 2295 1310 2339 ampliusA.J.
1336 2295 1458 2327 suadet
1471 2301 1565 2327 notat
1578 2296 1672 2328 G.B.
1700 2296 1945 2340 utnoceatch.

1063 2352 1207 2394 Popma.
1245 2351 1350 2394 ferret
1376 2364 1485 2382 suum.
1521 2352 1636 2383 Cicero
1667 2353 1701 2383 in
1738 2355 1874 2384 Verrem
1907 2353 1948 2384 de

1060 2413 1226 2451 praetura
1241 2407 1417 2439 Siliciensi
1432 2408 1553 2450 ..ferre
1573 2409 1694 2452 possit.
1707 2409 1808 2439 Ferre
1822 2421 1894 2440 con-
1909 2419 1944 2443 30

1063 2476 1171 2494 serere
1194 2464 1241 2494 A.
1268 2465 1330 2494 cfr.
1355 2476 1388 2506 p.
1407 2462 1499 2500 505,
1524 2463 1557 2494 7.
1583 2465 1707 2508 quippe
1732 2465 1774 2496 cf.
1801 2464 1946 2501 420‚2.

1063 2520 1093 2551 si
1113 2525 1173 2550 aut
1192 2525 1362 2551 vetustum
1386 2520 1521 2551 verbum
1542 2521 1588 2551 sit
1602 2521 1707 2562 Vulg.
1734 2517 1823 2564 (pag.
1835 2517 1947 2556 505.)

1062 2575 1284 2617 prohibentur
1315 2577 1432 2607 liberis
1457 2577 1531 2607 suis
1562 2588 1591 2608 c.
1622 2589 1656 2607 v.
1683 2577 1888 2620 introferre
1916 2587 1948 2611 ιο

1063 2632 1185 2662 Klotz.
1212 2630 1590 2675 ivztliyrtaec’chasserat.
1618 2633 1660 2663 de
1686 2633 1795 2663 Fabio
1821 2632 1948 2664 Cunct.

1066 2693 1099 2719 ct
1124 2688 1290 2721 Minucio,
1318 2688 1446 2724 divine,
1471 2689 1585 2732 inquit
1609 2690 1658 2721 M.
1679 2688 1710 2720 l.
1736 2688 1899 2732 incliynus
1917 2689 1947 2732 cj

1066 2746 1108 2776 P.
1121 2744 1269 2775 Merula.
1282 2744 1442 2775 FrDusa.
1461 2746 1594 2775 tametsi
1608 2745 1784 2788 indiqmns,
1794 2744 1949 2787 seramus

1065 2800 1270 2843 chasserat.
1309 2800 1410 2842 impr.
1444 2800 1551 2832 Merc.
1585 2802 1747 2845 colligite,
1777 2802 1950 2832 auxilium

1068 2863 1136 2888 tam
1161 2855 1309 2899 chong.
1335 2856 1503 2901 indiquu’,
1527 2857 1681 2900 feramus
1706 2857 1871 2900 chDusa.
1893 2856 1947 2898 fit,

1065 2915 1187 2944 intrav.
1208 2911 1283 2943 Gif.
1299 2923 1331 2954 p.
1346 2911 1438 2944 440.
1456 2915 1500 2945 cf.
1526 2925 1558 2955 p.
1578 2912 1671 2949 402,
1694 2912 1731 2944 6.
1773 2911 1864 2947 289,
1885 2912 1947 2944 16.
