2174 3267
1772 212 1929 243 XXXVII

106 311 204 349 Edu.
233 308 381 346 Munk
411 309 460 346 de
488 307 631 347 sabulis
659 306 870 354 Atellanis,
898 308 1007 362 Lips.
1042 309 1173 348 1840.

105 380 162 421 M.
189 379 238 416 A.
266 377 495 418 Muretus
523 379 639 417 variae
666 378 874 426 lectiones,
903 381 1009 432 apud
1035 380 1195 421 Gruter.
1224 381 1361 433 Lamp.
1394 389 1420 420 t.
1449 384 1504 421 11.

103 451 134 489 Ι.
164 450 217 488 H.
244 449 500 488 Neulzireh
528 450 578 488 de
606 450 740 489 fabula
768 456 904 501 togata
932 453 1215 500 Romanorum,
1243 453 1354 506 Lips.
1388 453 1520 492 1855.

100 521 179 559 Iac.
209 518 457 558 Nicolaus
494 519 662 559 Loensis
698 522 1036 562 miscellaneorum
1076 524 1365 577 epiphyllidum
1402 525 1495 564 libri
1523 525 1587 571 X,
1627 528 1733 579 apud
1764 527 1921 567 Gruter-

208 591 305 629 Lam
338 621 345 629 .
376 596 403 629 t.
432 591 480 629 V.

101 661 133 699 I.
163 660 207 699 C.
238 606 403 699 Orlaeilli
431 661 482 699 ad
513 660 720 701 Ciceronis
748 664 980 714 fragmenta,
1010 664 1150 703 Turici
1183 663 1312 703 1828.

102 732 212 770 Frid.
241 731 416 770 Osann
444 732 621 771 analecta
651 734 802 780 critica,
831 735 966 774 Berol.
999 734 1129 773 1816.

102 801 185 840 Ian.
213 801 328 840 Mell.
358 802 495 840 Palm
509 802 638 840 erius
667 803 931 854 spicilegium,
959 804 1141 843 Francof.
1176 803 1306 843 1580.

102 871 186 909 Ian.
215 872 547 910 Passeratius
576 872 681 924 apud
708 872 835 912 Merc.
869 874 907 910 1.

103 941 227 979 Andr.
258 941 523 979 Patricius
554 942 603 979 ad
633 942 841 980 Ciceronis
869 943 1099 993 fragmenta,
1130 943 1229 980 Vcn.
1264 940 1392 980 1565.

103 1009 190 1049 Nic.
218 1010 466 1049 Perottus
497 1025 619 1049 cornu
650 1011 786 1062 copiae,
815 1016 940 1062 repet.
970 1011 1060 1049 Bas.
1093 1010 1223 1049 1526.
1253 1012 1321 1049 fol.

104 1081 212 1120 Petr.
241 1081 466 1120 Pithoeus
496 1081 718 1120 adversaria
750 1081 967 1128 subseciva,
997 1083 1103 1134 apud
1132 1082 1292 1121 Gruter.
1322 1081 1458 1134 Lamp.
1489 1088 1515 1119 t.
1545 1082 1598 1120 11.

104 1152 231 1190 Hen1·.
260 1152 456 1190 Planck
484 1152 533 1190 ad
562 1152 682 1189 Ennii
710 1151 910 1199 llledeam,
940 1151 1050 1189 Gott.
1084 1151 1214 1189 1807.

103 1223 156 1261 Is.
185 1223 444 1260 Pontanus
479 1223 529 1260 ad
556 1223 693 1273 fragm.
722 1222 1016 1267 historicorum,
1046 1223 1106 1260 ed.
1136 1222 1396 1272 Havercamp.

103 1293 253 1331 Auson.
280 1292 470 1344 Popma
499 1293 548 1330 ad
577 1293 821 1338 Varronem,
860 1297 988 1344 repet.
1016 1293 1178 1344 Bipont.
1212 1291 1343 1330 1788.
1382 1291 1432 1329 ad
1467 1292 1603 1340 fragm.
1641 1289 1930 1337 historicorum,

209 1361 271 1399 ed.
304 1361 474 1400 Haverc.

105 1431 149 1470 C.
179 1432 210 1469 Ι.
244 1430 336 1470 Chr.
366 1418 601 1471 Reuvens
630 1433 873 1471 collectanea
902 1433 1111 1479 litteraria,
1139 1431 1267 1483 Lugd.
1296 1431 1382 1470 Bat.
1416 1429 1548 1471 1815.

104 1501 198 1539 Ant.
226 1500 549 1540 Riccohonus
579 1502 627 1540 dc
656 1494 834 1548 historia,
862 1507 987 1555 repet.
1017 1501 1106 1539 Bas.
1140 1500 1271 1538 1579.

104 1571 202 1610 Dav.
231 1571 566 1610 Ruhnkenius
596 1573 645 1611 ad
674 1573 862 1625 Xenoph.
890 1573 1056 1613 Memor.
1087 1573 1148 1611 ed.
1176 1572 1352 1618 Ernesti,
1381 1570 1491 1623 Lips.
1517 1570 1646 1609 1772.
1678 1571 1727 1609 ad
1740 1568 1933 1611 Rutilium

209 1641 381 1694 Lupum,
411 1642 472 1680 ed.
501 1643 730 1682 Frotseher.
759 1643 868 1695 Lips.
901 1642 1034 1680 1841.

106 1712 187 1750 Ian.
215 1711 515 1764 Rutgersius
545 1715 736 1752 variarum
764 1714 979 1752 lectionum
1006 1713 1101 1750 libri
1128 1712 1203 1757 VI,
1231 1711 1361 1761 Lugd.
1389 1711 1477 1749 Bat.
1511 1709 1643 1749 1618.

109 1782 250 1821 Claud.
279 1783 550 1821 Salmasius
580 1785 885 1822 exercitationes
914 1785 1106 1821 Plinianae
1134 1784 1184 1820 ad
1215 1783 1410 1828 Solinum,
1439 1781 1566 1819 Paris.
1600 1778 1730 1818 1629.
1762 1777 1831 1814 fol.

107 1852 186 1891 Ios.
216 1852 448 1903 Scaliger
488 1853 744 1891 coniectanea
771 1854 811 1890 in
840 1853 1085 1897 Varronem,
1123 1851 1250 1889 Paris.
1283 1850 1421 1888 1565.
1463 1853 1552 1888 item
1583 1864 1669 1887 cum
1697 1848 1934 1900 appendice,

211 1922 336 1960 Paris.
367 1921 498 1959 1581.
542 1923 747 1961 Catalecta
785 1923 869 1960 sive
908 1921 1109 1974 appendix
1138 1920 1321 1972 Virgilii,
1351 1919 1477 1971 Lugd.
1511 1918 1642 1956 1575.
1682 1919 1732 1956 ad
1759 1918 1936 1962 Festum,

212 1991 317 2043 apud
346 1992 394 2030 P.
425 1991 764 2029 Santandreanum
796 1989 926 2028 1575.
966 1991 1015 2028 ad
1045 1989 1259 2035 Catullum,
1293 1989 1414 2028 Antv.
1448 1987 1578 2025 1582.

107 2062 186 2100 Iac.
217 2062 245 2100 S
259 2060 314 2099 eh
328 2075 347 2098 e
360 2060 479 2113 gkiu
494 2075 511 2099 s
552 2061 867 2100 observationum
911 2067 952 2098 et
996 2059 1310 2098 emendationum
1353 2071 1565 2110 praemessa
1580 2086 1591 2103 ,
1637 2056 1743 2110 apud
1774 2056 1931 2095 Gruter.

996 2116 1002 2128 1

210 2130 349 2183 Lamp.
379 2136 406 2168 t.
436 2131 506 2169 IV.

106 2200 153 2239 L.
181 2201 227 2239 F.
255 2201 488 2240 Schmidt
515 2201 661 2240 Lucilii
690 2202 796 2240 satir.
825 2201 895 2239 lib.
922 2199 998 2246 IX,
1027 2200 1161 2238 Berol.
1194 2197 1326 2236 1840.
1354 2197 1396 2236 4.
1425 2198 1667 2249 Programm.

107 2272 140 2310 1.
170 2270 219 2310 G.
248 2271 530 2311 Schneider
557 2272 607 2310 ad
637 2272 852 2323 scriptores
880 2270 928 2308 R.
958 2270 1006 2308 R.
1035 2269 1145 2321 Lips.
1179 2268 1487 2307 1794-1797.

109 2343 185 2382 Ad.
214 2343 394 2381 Scholl
423 2344 609 2394 Beitragc
638 2358 707 2380 zur
737 2342 882 2380 Gesch.
911 2341 984 2378 der
1012 2340 1158 2392 griech.
1188 2339 1349 2385 Poesie,
1377 2339 1486 2378 Berl.
1519 2336 1651 2377 1859.

111 2414 228 2466 Casp.
258 2413 499 2465 Schoppe
538 2415 587 2452 ad
616 2415 824 2466 Priapeia,
865 2413 1001 2451 Patav.
1034 2411 1164 2451 1664.
1203 2412 1252 2449 de
1282 2416 1367 2449 arte
1397 2410 1555 2456 critica,
1595 2415 1632 2446 ec
1669 2407 1934 2448 verisimilium

214 2484 308 2524 libri
335 2483 410 2530 IV,
439 2490 565 2537 repet.
594 2485 759 2524 Amstel.
793 2483 922 2523 1662.

111 2554 217 2594 Petr.
247 2555 418 2594 Scrive
430 2555 536 2593 rius
565 2554 809 2593 collectanea
839 2559 1013 2591 veterum
1041 2552 1294 2602 tragicorum,
1324 2564 1410 2589 eum
1441 2549 1545 2588 notis
1573 2546 1667 2586 Ger.
1697 2547 1755 2586 Io.
1785 2546 1932 2592 vossii,

216 2624 344 2675 Lugd.
367 2623 414 2662 B.
447 2622 578 2662 1620.

113 2692 235 2731 Leon.
266 2694 494 2746 Spengel
523 2695 573 2732 ad
601 2693 751 2732 Caecilii
779 2694 1010 2743 fragmenta,
1038 2689 1193 2729 Monac.
1224 2688 1355 2728 1829.
1383 2691 1424 2727 4.

115 2762 239 2801 Ilenr.
268 2770 304 2802 et
332 2764 437 2804 Rob.
468 2764 716 2816 Stephani
746 2764 962 2814 fragmenta
978 2763 1186 2812 poetarum
1200 2764 1375 2798 veterum
1392 2759 1636 2804 Latinorum,
1655 2757 1780 2796 Paris.
1803 2753 1931 2794 1564.

116 2831 287 2872 Godesc.
317 2834 637 2872 Steweehius
667 2834 715 2871 ad
740 2833 970 2885 vegetium,
1001 2829 1127 2881 Lugd.
1146 2829 1191 2866 Β.
1225 2828 1354 2869 1592.

117 2902 167 2941 Π.
201 2904 443 2955 ὃὶἰοῧίὶῐι
473 2905 522 2942 de
553 2904 719 2943 Pacuvii
748 2903 975 2945 Duloreste,
1007 2898 1115 2950 Lips.
1152 2897 1278 2938 1826,
