2174 3267
245 202 351 230 xxlv

243 301 409 366 quibus
444 296 674 346 vocabulis
709 295 1022 342 tantummodo
1059 293 1193 340 Pauli
1227 295 1459 358 Excerpta
1497 294 1670 358 reliqua
1705 302 1835 350 sunt,
1870 311 1922 339 ea
1956 311 2075 340 com-

243 398 494 430 memorare
529 378 589 423 nil
624 379 810 436 attinet,
859 383 904 423 et
937 377 974 421 si
1019 375 1128 438 quid
1162 376 1304 422 simile
1338 376 1477 422 habet
1512 375 1663 421 brevis
1698 374 1954 437 explicatio,
1988 374 2078 420 hoc

243 482 335 510 non
371 468 605 507 auctorum
644 459 850 518 consilio,
885 456 968 504 sed
1003 457 1125 502 casui
1160 442 1465 503 tribuendum.
1533 455 1824 518 Quamquam
1857 456 1965 514 suit,
2000 457 2077 518 qui

242 546 430 590 Festum
441 543 580 588 Nonii
597 539 714 586 libro
735 557 866 585 usum
885 555 984 585 esse
1003 543 1235 583 statueret.
1260 533 1331 596 (F.
1345 538 1407 583 H.
1422 536 1592 594 Bothe,
1608 537 1864 599 fragmenta
1884 537 2078 599 trag-ico-

242 644 342 671 rum
363 644 407 689 p.
427 621 564 684 168.)
609 623 706 670 Sed
730 640 822 668 non
842 623 990 668 minor
1012 628 1081 667 est
1105 619 1434 679 dissimilitudo,
1450 619 1527 664 ubi
1544 619 1724 665 Nonius
1760 616 1814 663 de
1845 618 2080 679 magistra-

243 707 381 765 tibus,
415 706 680 753 sacerdotiis
706 705 832 751 etde
864 706 1084 750 maiorum
1118 703 1331 748 institutis
1368 704 1578 765 exponit,
1614 703 1763 747 omnia
1788 701 1948 747 leviter
1981 700 2082 745 atti-

244 792 328 853 git,
363 789 473 834 nihil
498 788 757 851 diligentius
781 787 1069 844 examinavit,
1092 785 1280 832 verbum
1305 785 1448 831 verbo
1476 787 1753 847 expressisse
1778 786 1885 830 satis
1912 783 2082 829 habuit.

244 873 337 919 Vix
371 874 508 935 igitur
541 872 639 917 ficri
675 888 810 933 posse
847 871 1116 932 putaverim,
1150 876 1200 913 ut
1235 869 1396 932 aliquis
1432 870 1647 925 inveniat,
1689 868 1812 912 cuius
1847 865 1905 911 ad
1935 883 2083 912 exem-

246 954 369 1018 plum
402 954 580 1000 Nonius
616 950 983 1013 compendiosam
1031 949 1284 995 doctrinam
1318 950 1651 1010 conscripserit.
1717 948 1955 992 Neminem
1990 963 2084 1008 prae

246 1037 406 1082 ceteris
441 1042 623 1080 secutus
659 1040 756 1089 est,
800 1050 855 1078 ex
901 1030 1110 1077 omnibus
1157 1047 1302 1093 pauca
1349 1029 1565 1075 delibavit
1607 1045 1756 1090 neque
1790 1028 1957 1086 sontes,
2003 1027 2085 1073 sed

245 1116 414 1162 rivulos
452 1121 739 1161 consectatus
776 1129 874 1158 esse
910 1111 1104 1171 videtur,
1140 1113 1202 1156 ita
1236 1119 1286 1155 ut
1321 1128 1421 1173 quae
1456 1117 1552 1155 tum
1592 1111 1637 1154 in
1674 1108 2084 1155 Grammaticorum

245 1197 413 1244 scholis
464 1196 520 1241 de
565 1195 809 1242 verborum
854 1191 1260 1256 significationibus
1294 1190 1608 1248 tradebantur,
1652 1191 1697 1234 in
1740 1206 1906 1252 corpus
1941 1188 2086 1253 quod-

249 1278 353 1324 dam
390 1278 647 1335 incluserit,
694 1276 818 1339 quod
857 1275 1050 1321 mediam
1095 1274 1322 1337 quandam
1369 1276 1487 1319 viam
1521 1275 1639 1319 inter
1674 1273 2005 1319 Grammaticas
2040 1280 2086 1318 et

247 1360 421 1406 Lexica
461 1360 617 1417 tenuit,
640 1365 685 1404 et
719 1357 923 1421 quamvis
958 1362 1078 1401 esset
1112 1355 1444 1417 imperfectum,
1480 1362 1631 1400 tamen
1657 1354 1782 1417 quod
1806 1353 2086 1417 reliquorum

248 1440 349 1486 libri
388 1448 432 1486 ct
467 1440 722 1485 diffusiores
759 1445 803 1483 et
837 1437 1063 1483 doctiores
1101 1444 1245 1494 crant,
1280 1453 1437 1482 eorum
1472 1436 1589 1492 usui,
1631 1436 1708 1498 qui
1730 1435 1904 1481 litteras
1930 1436 2085 1498 primis

248 1530 422 1568 tantum
457 1522 594 1567 labris
631 1521 891 1584 degustant,
927 1520 1119 1564 maxime
1152 1519 1238 1563 fuit
1273 1519 1561 1564 couveniens.

381 1606 479 1650 Iam
513 1603 640 1667 quod
675 1602 732 1648 ad
768 1609 971 1648 nostram
1007 1619 1193 1664 operam
1225 1603 1271 1646 in
1307 1601 1394 1647 hoc
1431 1601 1740 1647 Grammatico
1781 1599 1958 1647 edendo
1994 1600 2084 1647 col-

248 1690 443 1735 locatam
478 1689 655 1744 attinet,
691 1686 734 1730 id
767 1686 1029 1748 primarium
1052 1684 1288 1730 consilium
1309 1685 1409 1740 fuit,
1444 1691 1509 1742 ut,
1546 1691 1764 1747 quantum
1789 1682 1887 1728 fieri
1911 1691 2084 1745 posset,

250 1772 524 1833 optimorum
571 1768 777 1814 codicum
811 1770 1036 1830 scriptura
1070 1766 1240 1828 ubique
1274 1768 1615 1824 restitueretur,
1669 1774 1714 1812 et
1758 1774 1849 1811 tam
1883 1768 2084 1828 priorum

248 1854 572 1914 interpretum,
623 1851 700 1912 qui
744 1849 891 1894 adhuc
936 1850 982 1893 iu
1026 1847 1182 1893 Nonio
1231 1847 1501 1909 explicando
1553 1850 1721 1894 versati
1768 1855 1900 1906 sunt,
1950 1865 2085 1911 quam

249 1935 417 1980 nostris
454 1930 845 1978 emendationibus
880 1930 1196 1974 illustraretur.
1266 1928 1389 1974 Satis
1416 1931 1535 1974 enim
1560 1937 1754 1988 constat,
1790 1929 1960 1974 nullum
1988 1930 2084 1976 fere

250 2016 518 2075 scriptorem
552 2019 744 2074 propter
778 2012 1164 2074 fragmentorum,
1215 2027 1315 2072 quae.
1364 2027 1419 2054 ex
1466 2009 1778 2055 diversissimis
1824 2011 2085 2057 auctoribus

253 2096 545 2155 transscripta
579 2100 700 2150 sunt,
735 2091 1063 2137 multitudinem
1099 2091 1329 2137 hominum
1364 2089 1602 2136 doctorum
1636 2092 1797 2137 iudicia
1832 2095 1976 2156 magis
2011 2110 2085 2138 ex-

252 2179 462 2223 ercuisse.
528 2177 691 2237 Neque
726 2176 823 2220 fieri
859 2181 1027 2237 potest,
1062 2182 1111 2218 ut
1146 2176 1191 2218 in
1225 2173 1313 2219 hoc
1349 2175 1570 2235 scriptore
1597 2172 1758 2236 aliquis
1783 2174 1867 2219 sibi
1896 2174 2085 2237 aliisque

252 2260 359 2304 satis
410 2259 572 2316 saciat,
618 2257 701 2301 nisi
747 2255 938 2313 multas,
986 2274 1086 2317 quae
1122 2257 1299 2312 insunt,
1351 2254 1632 2316 corruptelas
1669 2255 1966 2301 coniectando
2001 2255 2086 2301 tol-

251 2339 345 2385 lere
359 2338 551 2384 studeat.
576 2338 678 2382 Etsi
702 2339 819 2382 enim
839 2337 951 2382 Maii
973 2336 1183 2381 iudicium
1208 2335 1265 2381 ad
1276 2336 1369 2382 Cic.
1391 2334 1445 2380 de
1459 2337 1578 2397 Rep.
1602 2336 1814 2397 p.LXH.
1830 2335 1898 2383 ed.
1912 2337 2084 2383 Moser.

259 2421 460 2466 «Yonius
496 2437 522 2464 a
557 2420 743 2476 vertice,
777 2425 827 2462 ut
862 2420 1002 2474 aiunt,
1035 2435 1179 2480 usque
1215 2417 1272 2462 ad
1308 2424 1557 2461 extremum
1592 2435 1791 2480 unguem
1816 2417 1942 2463 ulcus
1967 2426 2077 2475 est,”

252 2519 412 2564 parum
446 2500 553 2545 mihi
586 2499 833 2562 probatur,
869 2507 1019 2544 tamen
1054 2498 1142 2544 hoc
1178 2497 1372 2543 dubitari
1404 2515 1497 2542 non
1530 2505 1708 2559 potest,
1743 2500 1852 2561 quin
1885 2499 2022 2544 multa
2058 2517 2084 2545 a

254 2583 511 2646 glossarum
544 2579 804 2626 auctoribus
837 2579 1092 2641 adscripta,
1139 2578 1277 2624 multa
1309 2577 1595 2622 librariorum
1630 2580 1800 2624 incuria
1836 2579 1909 2625 vel
1942 2582 2084 2625 aetatis

253 2667 411 2710 iniuria
445 2664 645 2709 mutilata
692 2671 828 2726 atque
872 2670 1079 2708 truncata
1112 2664 1212 2707 siut.
1280 2660 1429 2707 Multa
1464 2662 1602 2724 igitur
1636 2660 1834 2719 obstant,
1880 2679 1971 2724 quo
2006 2663 2083 2706 mi-

253 2764 337 2792 nus
373 2747 569 2809 genuina
606 2743 745 2791 verba
780 2745 976 2789 auctoris
1011 2743 1179 2807 ubique
1213 2743 1387 2788 restitui
1421 2743 1623 2804 possint,
1672 2742 1756 2786 nisi
1799 2759 1943 2788 novus
1988 2743 2084 2805 qui-

255 2827 359 2872 dam
388 2826 549 2883 codex,
584 2825 641 2871 ab
679 2823 905 2883 omnihus,
941 2826 1018 2887 qui
1053 2824 1200 2870 adhuc
1233 2825 1544 2879 innotuerunt,
1580 2822 1715 2884 plane
1751 2822 1980 2881 diversus,
2027 2841 2083 2869 ex

256 2906 453 2954 tenebris
490 2915 683 2952 eruatur.
754 2908 825 2952 De
872 2908 1034 2969 quibus
1083 2909 1199 2954 enim
1244 2905 1392 2952 adhue
1437 2907 1753 2968 eognovimus,
1789 2907 1817 2950 ii
1854 2906 1908 2950 ad
1946 2925 2080 2952 unum
