2174 3267
279 187 366 217 XXX

276 302 436 340 auctor
470 294 569 351 suit⁷
604 309 797 356 eumque
832 295 1109 356 posteriores
1145 296 1299 341 imitati
1334 304 1449 341 sunt.
1518 297 1679 359 Neque
1702 296 1939 343 videbatur
1968 313 2100 341 causa

276 392 376 421 esse
409 375 590 432 idonea,
625 391 704 420 eur
738 392 822 420 nos
858 374 915 420 ab
952 393 1007 422 co
1044 377 1249 423 instituto
1283 377 1611 423 recederemus.

417 456 602 518 Quippe
637 459 873 520 antiquum
907 459 1176 521 scriptorem
1209 459 1500 522 Fulgentium
1537 476 1653 518 esse,
1686 467 1929 523 postquam
1964 460 2101 506 homo

275 535 559 583 doctissimus
605 537 805 584 Orellius
853 539 1179 586 dubitationem
1223 557 1348 587 suam
1392 543 1586 588 sortasse
1620 541 1806 588 calidius
1841 538 1918 601 (ad
1952 543 2102 588 Taciti

275 618 525 681 Dialogum
557 638 601 682 p.
627 617 694 680 5.)
747 624 1030 685 propositam
1072 624 1332 667 retractavit
1376 625 1420 668 in
1464 624 1593 669 Lect.
1627 624 1818 669 Petron.
1855 643 1898 686 p.
1925 623 1984 683 5,
2029 625 2104 668 vix

275 716 548 763 quemquam
598 701 731 748 hodie
778 721 949 767 negare
999 706 1218 750 existimo.
1301 705 1441 768 Legit
1489 705 1605 751 hane
1651 705 2001 768 Expositioncm
2051 722 2104 751 ac

273 780 466 843 plurima
511 784 614 831 inde
658 787 703 830 in
751 804 880 831 suum
922 786 1261 850 Polyptychum
1308 787 1527 833 derivavit
1559 790 1674 833 Atto
1714 789 1955 850 episcopus
1988 787 2103 833 Ver.-

274 863 498 924 cellensis,
534 868 711 912 circiter
745 884 783 912 a.
819 865 939 912 950.
1011 866 1221 913 Clamant
1255 870 1384 931 quasi
1417 871 1525 931 ipsae
1559 868 1855 927 membranae‚
1900 885 2104 931 nongen-

273 953 423 991 torum
467 964 688 993 annorum
736 956 913 994 {etatem
953 949 1262 1011 praeferentes.
1347 951 1560 1013 Denique
1610 949 1817 995 nonnulli
1864 952 2103 1013 ignorasse

272 1028 497 1087 videntur,
533 1030 732 1076 eiusdem
767 1030 999 1094 Fulgentii
1046 1047 1145 1077 esse
1188 1038 1281 1077 tres
1315 1031 1416 1077 illos
1450 1031 1841 1094 Mythologiarum
1885 1030 2026 1077 libros
2061 1038 2106 1077 et

271 1109 572 1171 virgilianam
608 1112 959 1158 Continentiam.
1027 1112 1082 1156 In
1118 1111 1282 1174 quibus
1315 1112 1433 1159 idem
1478 1113 1707 1157 invenient
1740 1111 1946 1175 legentes
1979 1113 2105 1175 inge-

273 1191 396 1235 nium
430 1190 642 1252 hominis,
665 1192 856 1239 eandem
891 1193 1226 1238 affectationem
1261 1192 1475 1238 doctrinae
1510 1191 1739 1237 cuiusdam
1773 1192 2018 1238 reconditae
2052 1209 2105 1238 ac

270 1271 595 1333 tenebn·icosae‚
631 1275 821 1321 eandem
858 1274 1034 1320 dicendi
1070 1275 1464 1332 consuetudinem,
1502 1274 1732 1321 horridam
1768 1275 1950 1337 quidem
1983 1275 2104 1321 illam

274 1359 319 1398 et
353 1370 620 1416 operosam,
668 1356 749 1403 sed
792 1357 878 1402 illis
923 1357 1205 1420 temporibus
1254 1375 1537 1404 communem
1577 1375 1661 1403 nec
1707 1357 1965 1404 dissimilem
2013 1358 2104 1404 elo-

273 1437 468 1497 quentiae
505 1444 581 1482 aut
612 1438 837 1484 Marciani
872 1439 1072 1501 Capellae
1108 1447 1185 1484 aut
1218 1440 1416 1486 Boethii.
1482 1441 1627 1503 Atqui
1653 1438 1887 1502 Fulgentii
1920 1439 2104 1502 Mytho-

268 1514 417 1578 logias
450 1516 664 1581 legerunt
698 1519 1043 1567 Commentator
1078 1520 1270 1567 Caesaris
1308 1521 1583 1579 Germanici,
1628 1522 1704 1584 qui
1739 1529 1844 1568 ante
1879 1521 2104 1568 Isidorum

269 1598 476 1660 scripsit⁷
521 1601 628 1646 item
667 1600 802 1647 Statii
835 1601 1109 1660 scholiasta,
1156 1619 1213 1649 ne
1260 1602 1405 1648 dicam
1450 1602 1506 1648 de
1550 1601 1742 1648 Albrico
1777 1603 2104 1666 Vaticanisque
2152 1643 2156 1651 .

273 1679 637 1745 mythographis.

420 1763 535 1821 Quae
570 1767 608 1810 si
642 1774 765 1814 recte
801 1768 919 1814 dicta
952 1776 1074 1827 sunt,
1108 1768 1303 1812 dubitari
1336 1769 1412 1812 vix
1443 1769 1628 1829 poterit,
1664 1769 1773 1830 quin
1808 1784 1833 1812 a
1855 1767 2103 1831 Fulgentio

268 1844 306 1888 is
341 1843 520 1890 libellus
567 1848 763 1909 scriptus
807 1850 865 1893 sit
910 1849 1087 1894 circiter
1129 1865 1168 1893 a.
1204 1845 1324 1893 500.
1391 1847 1487 1894 Sed
1523 1855 1655 1894 erunt
1698 1850 1981 1908 etiamnunc,
2027 1850 2103 1912 qui

271 1941 373 1969 cum
406 1926 662 1973 Muncl-:ero
699 1935 744 1974 et
766 1928 1042 1975 Ruhnkenio
1078 1947 1180 1975 eum
1211 1928 1386 1974 futilem
1420 1936 1465 1974 et
1497 1928 1661 1975 nullius
1696 1930 1802 1976 fidei
1835 1933 2104 1994 scriptorem

269 2005 547 2053 iudicabunt.
629 2010 804 2056 Eorum
852 2030 1036 2075 quoque
1088 2012 1298 2057 iudicium
1344 2013 1381 2056 si
1423 2029 1516 2058 non
1564 2030 1754 2075 prorsus
1796 2014 2104 2073 reficiendum,

270 2094 394 2132 certe
429 2096 558 2136 caute
593 2092 874 2154 sequendum
908 2093 1091 2140 suadeo.
1159 2095 1276 2139 Nam
1310 2093 1433 2157 quod
1469 2095 1640 2140 crimini
1684 2095 1794 2140 dant
1837 2094 2103 2142 Graecorum

270 2170 544 2232 scriptorum
593 2175 848 2220 testimonia
898 2175 1075 2221 Latinis
1126 2175 1276 2222 verbis
1332 2177 1523 2237 scripta,
1583 2175 1629 2221 id
1676 2178 1774 2240 ipse
1830 2176 2103 2241 Fulgentius

270 2268 315 2313 p.
351 2249 474 2310 562,
493 2251 540 2298 6.
575 2258 806 2302 excusavit
841 2264 886 2303 et
919 2259 1262 2320 patrocinantur
1295 2258 1384 2316 alii,
1421 2257 1581 2305 eodem
1615 2276 1742 2305 more
1776 2260 1867 2318 usi,
1901 2266 1951 2304 ut
1971 2260 2102 2304 Ruti-

271 2330 358 2378 lius
394 2333 556 2396 Lupus
591 2335 761 2382 rhetor,
828 2338 951 2383 Tum
987 2338 1112 2402 quod
1147 2338 1427 2403 exprobrant
1470 2339 1592 2385 haud
1634 2358 1807 2404 paucos
1843 2358 2022 2387 errores
2056 2342 2101 2386 in

271 2413 549 2476 explicandis
585 2419 780 2480 antiquis
814 2420 1098 2466 sermonibus
1130 2421 1471 2484 referendisque
1516 2422 1789 2484 scriptorum
1832 2421 1983 2468 verbis
2025 2422 2102 2467 ad-

270 2496 459 2555 missos,
505 2497 799 2561 Fulgentium
844 2517 937 2547 non
970 2519 1091 2565 nego
1126 2502 1393 2566 plerumque
1441 2504 1537 2549 iure
1587 2503 1816 2566 vapulare.
1891 2504 2101 2567 Namque

269 2574 437 2622 bonam
472 2579 683 2625 vitiorum
719 2589 894 2644 partem
928 2591 1111 2646 poterat
1142 2587 1332 2630 vitasse:
1366 2585 1583 2631 Plautina
1612 2586 1867 2632 testimonia
1904 2584 2102 2632 debebat

270 2660 436 2705 rectius
473 2678 526 2707 ac
560 2661 616 2708 de
650 2663 703 2707 iis
740 2662 921 2726 quidem
955 2665 1137 2725 fabulis,
1170 2664 1247 2711 uhi
1280 2683 1330 2712 re
1363 2684 1470 2713 vera
1508 2673 1713 2725 exstant,
1758 2666 1965 2727 laudare3
2011 2668 2100 2715 Co-

270 2739 528 2802 rollariam‚
575 2761 675 2806 quae
721 2750 790 2790 est
834 2744 977 2791 Naevii
1018 2746 1173 2793 fabula
1218 2746 1339 2811 apud
1386 2747 1671 2808 Varronem⁷
1716 2748 1833 2795 male
1876 2749 2099 2796 Varronis

270 2820 407 2881 dixitg
448 2825 492 2869 in
528 2824 752 2872 Marciani
787 2826 985 2890 Capellae
1020 2830 1122 2877 loco
1160 2831 1414 2878 Minervam
1459 2849 1544 2894 pro
1578 2832 1809 2878 Mercurio
1847 2834 1955 2878 satis
1988 2832 2097 2878 indi-

267 2903 463 2967 ligenter
497 2904 752 2960 substituit:,
799 2926 882 2971 pro
918 2910 1136 2974 Philippo
1185 2912 1347 2958 dixisse
1383 2912 1740 2959 Demosthenem
1786 2915 1950 2961 nemini
1985 2931 2096 2976 pra‘-
