2174 3267
226 195 330 222 XXV!

224 298 386 343 rectius
433 313 533 340 eum
578 291 634 337 ad
678 308 777 336 sare.
813 290 873 335 X.
924 290 1108 336 reseras.
1184 290 1327 337 Liber
1374 310 1462 337 non
1506 291 1878 350 contemnendus,
1914 308 2049 355 quem

226 380 477 425 accuratius
512 373 756 421 contulisse
790 390 958 436 magno
993 372 1125 417 1101115
1159 375 1258 418 115111
1293 374 1399 433 suit,
1445 374 1525 420 sed
1559 376 1803 419 auctoritas
1850 391 1942 419 non
1977 389 2048 418 ea-

223 462 340 518 dem,
376 475 476 521 quae
513 456 704 502 duorum
739 456 953 516 priorum.

349 542 552 600 Quartus
611 545 655 584 et
713 538 910 595 Quintus
966 535 1055 582 11110
1101 536 1387 594 Beruenses,
1438 536 1560 599 apud
1611 535 1855 581 Sinnerum
1905 535 2050 582 Catal.

223 623 336 671 Cod.
372 620 518 667 MSS.
552 618 672 664 Bibl.
707 620 930 664 Beruens.
965 619 1002 662 Ι.
1033 635 1076 679 p.
1112 615 1232 661 529.
1268 624 1313 663 ct
1344 615 1464 662 552.
1507 617 1643 663 Alter
1676 616 1876 662 111085.
1903 617 2050 663 forma

224 706 445 762 maxima,
513 700 758 747 membran.
807 701 911 747 olim
946 700 996 745 S.
1029 701 1229 763 Remigii
1262 700 1344 745 suit
1390 708 1435 745 ct
1467 717 1566 746 saec.
1603 701 1662 745 X.
1696 700 1769 746 vel
1804 701 1929 745 initio
1962 700 2050 744 XI.

225 789 434 849 scriptus.
514 787 691 831 Praeter
737 785 994 847 fragmenta
1041 781 1335 828 Grammatici
1377 785 1589 846 anonymi
1632 782 1745 844 Cap.
1779 781 1863 828 IV.
1909 780 2050 827 Nonii

222 871 435 915 continet.
502 866 650 913 Multa
697 873 741 910 et
785 864 1000 926 imprimis
1048 864 1318 925 scriptorum
1363 865 1617 909 testimonia
1665 864 1856 920 omissa,
1906 863 1967 906 ita
2001 868 2051 906 ut

222 951 330 997 folia
373 950 553 994 XLtll.
612 946 778 992 codicis
837 946 1015 1007 paginis
1070 943 1187 990 188.
1234 945 1441 991 editionis
1486 946 1683 990 Merceri
1726 943 2051 1007 respondeant,

224 1034 305 1079 5011
337 1035 489 1078 insunt
526 1030 742 1075 lectiones
778 1026 1119 1085 memorabiles,
1167 1044 1222 1073 ex
1270 1026 1433 1090 quihus
1484 1026 1771 1071 manifestum
1805 1032 1898 1083 est,
1949 1043 2051 1072 eum

223 1133 279 1160 ex
315 1115 485 1176 optimo
522 1110 676 1157 codiee
714 1128 813 1156 esse
849 1112 1136 1172 exscriptum.

353 1194 467 1242 Cod.
502 1195 724 1239 Barnous.
762 1191 881 1238 547.
916 1193 1063 1238 forma
1098 1192 1336 1256 quadrata,
1372 1191 1550 1237 1111011115
1583 1190 1812 1237 latereulis
1841 1208 1942 1236 saee.
1967 1192 2054 1236 XI.

226 1284 459 1335 exaratus,
508 1275 612 1320 olim
646 1276 908 1337 Bongarsii,
959 1273 1145 1320 membr.
1194 1273 1313 1336 apud
1364 1273 1544 1319 Sinner.
1592 1272 1736 1319 Catal.
1783 1272 1819 1317 Ι.
1867 1270 2055 1334 p.552.

225 1360 368 1422 magis
406 1360 538 1403 etiam
573 1356 830 1402 decurtatus
864 1355 1058 1418 ideoque
1092 1357 1225 1417 pretii
1259 1356 1457 1401 minoris.

358 1439 472 1487 Cod.
494 1437 756 1483 Basiliensis
791 1437 843 1481 F.
868 1437 951 1481 IV.
977 1436 1055 1482 15.
1094 1436 1247 1483 Chart.
1284 1435 1388 1481 olim
1425 1435 1499 1481 lil).
1538 1435 1865 1484 Cartlmst’ames
1897 1439 1944 1482 in
1961 1436 2057 1483 Ba-

228 1526 331 1571 silia
365 1521 529 1567 minori
553 1521 819 1580 proveniens
853 1536 880 1563 a
915 1518 975 1563 D.
1009 1518 1213 1565 Iohanne
1246 1520 1301 1565 de
1341 1520 1518 1581 lapide,
1570 1537 1670 1565 saec.
1700 1520 1808 1563 XV.
1845 1520 2057 1582 scriptus,

230 1607 375 1652 Forma
398 1604 602 1648 maxima.
636 1601 799 1645 Insunt
830 1607 1050 1662 praeterea
1078 1599 1181 1644 libri
1197 1601 1419 1646 Varronis
1445 1600 1499 1645 de
1519 1601 1701 1664 Lingua
1727 1600 1916 1654 Latinag
1945 1599 2061 1646 liber

231 1691 488 1747 corruptus,
524 1683 601 1745 qui
633 1681 795 1726 multas
831 1681 1048 1726 lectiones
1084 1680 1250 1739 habet,
1303 1698 1402 1743 quac
1448 1683 1493 1726 in
1538 1683 1734 1744 antiquis
1788 1681 2059 1727 editionibus

232 1783 459 1829 expressa}
494 1772 611 1809 sunt.
679 1763 1005 1824 inscriptiones
1042 1778 1138 1822 cap.
1173 1761 1235 1804 ΙΙ.
1271 1767 1316 1805 01
1349 1762 1433 1805 IV.
1470 1769 1515 1807 et
1539 1763 1672 1808 VIII.
1696 1763 1889 1818 omissae,
1925 1769 2062 1825 caput

230 1850 430 1906 tertium,
464 1854 513 1891 ut
547 1847 592 1890 in
616 1844 824 1890 omnihus
853 1841 1083 1888 codicibus
1106 1842 1330 1904 sequioris
1355 1844 1515 1901 aetatis,
1537 1843 1676 1890 deest.
1723 1843 1836 1906 Cap.
1861 1852 2061 1890 sextum:

232 1931 397 1991 Incipit
431 1929 486 1973 1Ιο
516 1927 715 1989 propriis
749 1925 896 1971 verbis
930 1930 972 1970 et
995 1924 1246 1969 nominibus
1276 1923 1552 1986 inscriptum.
1618 1924 1732 1987 Cap.
1755 1925 1863 1970 XV.
1897 1925 2063 1988 Incipit

235 2014 290 2057 de
322 2012 454 2056 vasis.
498 2008 610 2070 Cap.
628 2007 785 2052 XVII.
819 2006 985 2067 Incipit
1023 2007 1078 2051 110
1113 2023 1273 2070 {senet-c
1307 2007 1519 2064 eibormn,
1550 2023 1783 2066 pomorum
1817 2014 1859 2053 et
1891 2007 2062 2054 olet-mn

236 2094 308 2139 vel
338 2093 588 2138 herbarum.
656 2088 771 2146 Quae
807 2088 956 2133 omnia
990 2085 1261 2133 documento
1297 2094 1427 2145 sunt,
1473 2095 1642 2149 quanta
1678 2086 1955 2151 negligentia
1989 2087 2062 2133 hic

235 2175 351 2220 liber
385 2179 594 2220 exaratus
631 2172 701 2215 511.

365 2258 692 2319 Fragmentum
717 2252 882 2298 codicis
908 2252 1172 2297 Turicensis
1208 2269 1304 2297 nro.
1342 2248 1461 2296 795.
1496 2249 1919 2313 11110111166-99.
1958 2250 2062 2297 125

247 2334 733 2385 -150.406-408.
759 2334 965 2379 editionis
988 2335 1283 2379 Mereerianae
1312 2332 1641 2396 complectitur,
1677 2332 1918 2396 diligenter
1953 2350 1980 2378 a
2015 2350 2063 2379 sc

238 2421 581 2482 transscriptum
616 2417 734 2462 misit
769 2415 874 2462 Car.
910 2414 1031 2461 Guil.
1063 2414 1250 2473 Miiller,
1283 2414 1399 2477 prof.
1434 2415 1699 2472 Beruensis,
1732 2414 1870 2461 homo
1901 2415 2064 2461 doctis-

239 2505 375 2548 simus
424 2500 647 2562 nobisque
698 2499 1015 2556 amicissimus,
1058 2499 1135 2560 qui
1189 2499 1320 2543 etiam
1371 2515 1425 2542 ex
1476 2498 1709 2542 Reuvensi
1759 2497 2063 2544 Collectaneis

238 2584 492 2630 Litterariis
529 2582 695 2637 omnia,
730 2596 828 2642 quae
864 2579 921 2624 ad
948 2580 1146 2624 Nonium
1170 2579 1414 2641 pertinent,
1447 2585 1655 2624 accurate
1677 2587 1907 2641 excerpta,
1933 2578 2063 2625 nobis

239 2668 453 2730 permisit.
529 2665 856 2726 Fragmentum
911 2663 1056 2724 ipsum
1104 2661 1329 2707 interdum
1376 2668 1638 2721 corruptum
1690 2668 1734 2706 et
1781 2660 2063 2706 decurtatum

238 2764 382 2810 pauca
416 2746 553 2791 habet
598 2746 782 2807 propria
818 2751 863 2789 et
900 2743 961 2789 nil
996 2746 1079 2789 nisi
1114 2742 1286 2805 aliquot
1321 2741 1680 2803 corruptelarum
1714 2759 1870 2787 causas
1906 2744 2064 2804 aperit.

367 2827 463 2874 Sed
511 2827 643 2872 etiam
679 2825 844 2871 codicis
880 2828 1102 2884 omnium,
1148 2832 1197 2869 ut
1233 2822 1437 2880 videtur,
1473 2824 1795 2885 antiquissimi,
1829 2823 2065 2869 Harleiani

238 2929 333 2957 nro.
364 2907 518 2955 2719.
542 2909 685 2953 forma
705 2908 861 2970 quadr.
887 2910 963 2970 qui
980 2908 1178 2954 Londini
1206 2908 1249 2951 in
1267 2906 1433 2953 Museo
1450 2906 1716 2953 Britannico
1741 2915 1999 2953 asservatur
2021 2914 2064 2951 et
