2174 3267
526 177 557 213 Ι.
614 175 688 213 ΒΕ
716 174 1122 213 ΡΒΟΡΒΙΕΤΑΤΕ
1151 174 1477 213 SERMONUM.

95 299 169 323 con
200 283 414 335 appellant.
470 282 618 319 Accius
653 281 830 319 Finidis:
865 295 970 320 seve-

93 355 155 391 nis
184 352 352 390 sterilem
386 364 467 388 esse
502 352 605 388 illius
639 364 758 404 opera
789 357 826 388 st
854 352 971 389 medi-

92 425 181 461 cina.
203 427 426 459 autumans.

142 491 330 529 CERNUUS
365 491 510 529 dicitur
546 491 709 542 proprie
743 489 968 536 inclinatus,

90 556 247 613 (p.2l.)
274 561 387 613 quasi
414 561 522 613 quod
547 566 691 598 terram
712 565 859 598 cernat.
890 560 968 597 Lu-

89 632 203 668 cilius
238 631 367 682 Satyr.
399 631 468 668 lib.
490 631 551 668 iii:
593 643 760 668 cernuus
786 631 969 683 extemplo

84 701 245 755 plautas
286 701 473 738 convestit
514 701 707 737 honestas.
775 700 968 751 Virgilius

88 785 113 807 x
125 770 227 808 libro
240 782 247 802 ε
279 772 470 824 eiectoque
481 769 664 807 incumbit
672 783 838 807 cernuus
850 783 968 808 amno.

88 839 265 878 Lucilius
303 840 531 878 Saturarum
576 839 644 876 lib.
673 839 802 877 xxvii:
857 839 968 876 modo

87 923 265 954 sursum,
291 910 400 947 modo
420 910 620 954 deorsum,
645 915 843 964 tamquam
864 910 967 946 colus

87 981 234 1017 cernui.
291 980 418 1017 Varro
445 981 495 1017 (le
523 980 600 1017 vita
631 981 773 1032 populi
800 980 969 1017 Romani

87 1049 157 1086 lih.
180 1050 215 1086 i:
244 1050 360 1087 etiam
374 1050 487 1103 pellis
510 1050 669 1086 bubulas
688 1050 766 1086 oleo
782 1049 968 1103 perfusas

84 1119 382 1173 percurrebant,
406 1120 533 1174 ibique
553 1120 820 1163 cernuabant3
849 1132 874 1155 a
893 1133 968 1173 quo

87 1190 151 1226 ille
173 1203 308 1226 versus
328 1196 436 1226 vetus
465 1194 522 1225 est
540 1191 581 1225 in
606 1189 863 1225 carminibus:
886 1188 972 1225 Sibi

83 1264 261 1311 pastores
288 1258 398 1294 ludos
423 1257 579 1305 faciunt
606 1259 721 1294 coriis
749 1257 964 1294 censualia.

91 1335 134 1365 10
192 1327 436 1364 STRICTURAE
464 1327 651 1364 dicuntur
679 1327 841 1378 proprie
867 1327 966 1363 sciu-

84 1397 195 1442 tinae,
224 1411 309 1449 quae
333 1397 382 1433 de
402 1397 507 1435 ferro
529 1397 698 1434 ferventi
718 1400 831 1441 eunt3
861 1397 967 1448 quod

84 1471 151 1504 aut
172 1467 318 1504 strictae
337 1466 579 1511 emittantur,
604 1467 646 1504 id
668 1470 742 1512 est,
764 1466 967 1511 ccleriter;

85 1542 151 1573 aut
167 1536 274 1587 quod
287 1536 423 1573 oculos
440 1537 499 1573 sui
515 1536 667 1587 fulgore
685 1536 965 1587 perstringant.

83 1605 276 1656 Virgilius
312 1605 381 1642 lib.
403 1605 490 1642 viii:
518 1606 714 1643 stricturae
743 1605 965 1656 Chalybum,

85 1680 121 1711 ct
155 1675 381 1726 fornacibus
419 1677 520 1728 iqnis
563 1677 732 1714 citilielat.
787 1676 965 1713 Lucilius

85 1744 313 1796 Satyrarum
345 1746 413 1783 lib.
438 1747 502 1783 iii:
541 1746 684 1783 crebrcc
722 1751 766 1782 ut
791 1746 966 1783 scintilloe

84 1815 126 1850 in
150 1815 371 1859 stricturis,
397 1815 502 1868 quod
525 1828 648 1867 glenus
672 1814 758 1850 olim
782 1814 970 1852 Fervente*

84 1882 204 1930 ferro.

138 1953 371 2000 QUIRITARE
407 1956 468 1990 est
503 1953 693 1998 clamarc3
724 1956 892 1990 tractum
917 1952 965 1989 ab

123 2058 264 2102 finisdis
288 2059 328 2089 L.
368 2058 560 2103 phoenissis
586 2059 631 2090 A.
670 2059 800 2090 sevenis
832 2060 897 2091 W.
923 2060 963 2090 L.

126 2116 232 2147 MSS.
257 2116 303 2146 M.
328 2127 435 2159 segem
460 2117 502 2158 ej.
522 2116 569 2146 M.
594 2115 765 2145 sementim
790 2116 892 2146 idem.
918 2129 965 2147 sc-

125 2184 230 2203 vcrus
254 2172 296 2215 ej.
322 2172 494 2205 Junianus
518 2172 644 2203 lllaius.
668 2173 700 2202 si
712 2172 805 2201 venis
824 2171 868 2202 Α.
893 2184 963 2215 ope-

126 2233 200 2259 rast
224 2229 291 2258 Ὧν.
317 2239 418 2271 opera
442 2233 491 2258 est
516 2228 555 2258 L.
579 2238 682 2271 opera
705 2232 737 2257 et
754 2227 837 2258 med.
861 2227 962 2269 cj.M.

126 2296 234 2324 operm
258 2288 307 2314 est
331 2283 378 2314 A.

81 2351 160 2383 pag.
185 2339 248 2371 21.
271 2341 380 2371 collus
395 2340 554 2381 Scaliger
572 2337 630 2376 (de
643 2336 859 2381 petam-istis)
873 2340 960 2370 Ben-

126 2397 189 2426 tin.
214 2407 252 2426 ex
278 2394 370 2426 200.
401 2394 458 2427 18.
480 2401 640 2438 pertusas
665 2396 731 2426 WV.
756 2397 794 2427 L.
823 2396 871 2426 ibi
895 2396 961 2425 XV.

123 2452 190 2482 sibi
215 2451 252 2482 I..
277 2451 386 2482 Turn.
413 2451 472 2482 17.
499 2451 562 2483 25.
601 2462 633 2486 10
659 2453 760 2483 coriis
785 2452 960 2483 consutilia

127 2507 221 2538 Scal.
236 2508 351 2538 cernui
368 2519 455 2539 cons.
472 2507 517 2538 A.
532 2508 676 2550 Popula,
691 2508 798 2539 Turn.
814 2509 960 2539 calibum

126 2563 165 2595 L.
202 2563 352 2594 calidum
382 2564 449 2593 W.
485 2574 522 2597 20
545 2562 745 2594 liciulilavit
778 2564 845 2594 XV.
863 2564 901 2594 L.
914 2563 960 2595 Α.

125 2619 298 2650 eiulitabit
310 2619 422 2650 Varro
451 2618 485 2649 7.
505 2618 594 2650 105.
618 2619 725 2651 Turn.
741 2619 852 2655 Busa,
867 2619 958 2650 Scal.

125 2674 343 2706 hinnilitabit
376 2674 417 2718 ej.
439 2675 518 2706 Jan.
548 2676 659 2711 Busa,
685 2675 793 2707 Turn.
822 2676 881 2707 17.
897 2675 957 2707 25.

127 2728 188 2761 24.
213 2731 385 2763 heilitabit
410 2731 503 2763 Scal.
528 2732 616 2775 conj.
642 2743 675 2774 p.
699 2730 760 2763 81.
796 2734 958 2763 anem-ius

126 2785 190 2816 W.
215 2786 253 2818 L.
276 2798 344 2829 mg.
371 2787 405 2819 J.
430 2787 537 2819 Turn.
562 2789 727 2831 augurius
751 2788 791 2831 cj.
806 2788 839 2820 J.
867 2790 956 2820 uelut

126 2843 291 2885 «aym-ius
315 2844 357 2887 ej.
372 2843 463 2875 Scal.
478 2856 508 2886 p.
522 2843 583 2876 81.
609 2845 790 2876 arenarius
805 2844 839 2876 J.
852 2844 957 2876 Dusa.

125 2899 284 2930 [lucarius
309 2900 353 2931 Α.
375 2901 608 2943 (Jrammuticis
624 2901 689 2931 XV.
704 2901 741 2931 L.
767 2901 956 2943 quiritalw·

1860 175 1916 212 15

1037 283 1100 329 iis,
1124 284 1192 335 qui
1213 284 1391 332 Quirites
1411 283 1609 321 invocant.
1647 279 1823 317 Lucilius
1843 279 1915 317 Sa-

1036 358 1209 404 tyrarum
1229 353 1296 391 lib.
1320 354 1376 390 vi:
1418 353 1521 397 Juec,
1550 354 1729 405 inquam,
1753 350 1869 386 rudet
1895 363 1915 386 e

1036 424 1188 467 rostris,
1215 428 1333 476 atque
1360 423 1589 466 heiulitavit,
1605 421 1850 459 Concursans
1864 427 1911 456 20

1033 492 1154 529 veluti
1177 493 1378 535 αησανίιιε,
1404 491 1584 545 clareque
1603 491 1813 545 quiritans.
1843 487 1914 526 Ni-

1034 561 1162 611 gidius
1182 560 1415 598 Commento
1441 561 1733 611 grammatices:
1775 559 1916 598 clamat

1035 630 1278 684 quiritatum.

1087 699 1238 736 CAmEs
1277 703 1338 736 cst
1370 703 1567 744 vetustas,
1605 698 1669 736 vel
1694 699 1917 750 putrilago:

1033 769 1137 807 unde
1169 769 1362 807 cariccum
1395 773 1549 806 veteres
1576 769 1770 805 dixerunt.
1798 767 1915 804 Luci-

1032 839 1108 876 lius
1140 839 1370 892 Satyrarum
1400 838 1470 876 lib.
1497 839 1574 876 vii:
1623 851 1673 874 ne
1701 837 1917 874 azan-iculum.

1032 909 1183 946 obsidat
1204 911 1341 953 caries,
1367 922 1416 945 ne
1438 908 1724 961 vermiculique.
1767 906 1804 944 T
1808 906 1916 958 urpi-

1033 979 1110 1015 lius
1129 978 1349 1016 Lcucadia:
1380 979 1417 1015 ei
1443 979 1552 1031 peri.-
1588 977 1704 1014 viden
1733 981 1777 1013 ut
1809 989 1915 1012 oscu-

1033 1049 1140 1085 latur
1161 1048 1334 1085 cariem?
1372 1063 1463 1085 num
1500 1048 1604 1084 illum
1632 1047 1728 1084 illaec
1760 1045 1912 1099 pudet?

1033 1118 1218 1155 Afranius
1236 1118 1444 1168 privigno:
1473 1131 1582 1154 nemo
1601 1118 1671 1154 illa
1694 1117 1789 1155 vivit
1810 1116 1915 1153 carie

1035 1187 1232 1223 curiosior.

1084 1256 1254 1292 Vmosm
1294 1256 1478 1294 mulieres
1517 1256 1701 1294 dicuntur
1738 1255 1914 1293 virorum

1034 1329 1271 1375 appetentes
1301 1326 1362 1363 vel
1395 1326 1616 1364 luxuriosae.
1668 1324 1847 1362 Lucilius
1863 1333 1909 1362 30

1034 1395 1264 1447 Satyrarum
1285 1396 1354 1432 lib.
1375 1396 1447 1433 vii:
1479 1396 1581 1432 dixi:
1613 1395 1668 1432 ad
1677 1394 1914 1448 principium

1032 1467 1162 1502 venio:
1206 1466 1372 1503 vetulam
1405 1471 1523 1520 atque
1553 1467 1720 1503 virosam
1750 1464 1915 1502 Uxorem

1033 1537 1167 1573 cedam
1193 1537 1335 1589 potius,
1363 1550 1479 1590 quam
1502 1542 1667 1574 castrem
1682 1540 1825 1589 egomet
1837 1548 1909 1572 me.

1032 1605 1218 1643 Afranius
1238 1606 1440 1643 Divortio:
1475 1606 1640 1658 vigilans
1682 1619 1727 1642 ac
1765 1605 1915 1649 sollers,

1032 1677 1149 1720 sicca,
1170 1689 1283 1719 sana,
1307 1676 1458 1713 sobria.-
1494 1676 1636 1713 Virosa
1653 1689 1731 1712 non
1755 1669 1913 1726 (p.22.)

1032 1759 1138 1790 sum,-
1179 1751 1216 1782 et
1237 1747 1273 1782 si
1291 1759 1396 1790 sum,
1432 1759 1508 1782 non
1537 1746 1678 1782 desunt
1709 1745 1805 1781 mihi
1832 1743 1913 1791 Qui

1032 1815 1133 1850 ultro
1149 1814 1241 1851 dent
1248 1830 1264 1858 ,-
1289 1820 1383 1852 (etas
1398 1816 1552 1867 intngra
1567 1821 1638 1859 est,
1651 1814 1785 1866 sormoe
1796 1814 1909 1850 satis.

1084 1883 1289 1920 CAPRONAE
1330 1884 1513 1922 dicuutur
1539 1897 1673 1928 comae,
1702 1897 1787 1935 quae
1820 1887 1910 1920 ante

1031 1953 1202 1990 frontem
1245 1957 1335 1990 sunt
1376 1954 1487 2005 quasi
1532 1968 1552 1990 a
1590 1954 1720 2005 capite
1762 1965 1910 2004 pronae.

1074 2058 1114 2102 ej.
1150 2059 1258 2101 Rutg.
1295 2060 1371 2091 MS.
1407 2061 1502 2092 Seal.
1537 2065 1622 2093 vett.
1655 2062 1768 2093 Editt.
1803 2061 1910 2093 Turn.

1072 2116 1229 2147 leucadia
1254 2117 1360 2160 ciperi
1392 2119 1458 2150 VV.
1491 2118 1528 2149 L.
1559 2117 1606 2149 A.
1637 2118 1671 2149 J.
1700 2116 1816 2149 1585.
1862 2118 1910 2148 Εἰ

1068 2173 1161 2216 peri:
1179 2168 1246 2207 (hei
1268 2170 1372 2216 perii)
1405 2174 1445 2217 ej.
1474 2174 1605 2206 Guliel.
1630 2175 1680 2206 II.
1706 2173 1770 2206 21.
1793 2175 1907 2219 [iperi

1073 2228 1114 2271 cj.
1139 2229 1168 2260 I.
1195 2230 1261 2260 illa
1285 2229 1353 2260 brec
1377 2230 1481 2267 pudet
1506 2232 1570 2263 W.
1610 2232 1720 2262 illunc
1743 2231 1846 2262 illaec
1869 2231 1907 2262 J.

1067 2285 1229 2328 priviqno
1264 2287 1352 2317 vivit
1383 2288 1456 2318 cari
1487 2289 1653 2320 curiosior
1686 2289 1726 2319 L.
1750 2289 1816 2320 illa
1841 2300 1905 2319 om.

1070 2341 1116 2372 A.
1152 2340 1268 2373 1526.
1302 2342 1406 2374 habet
1437 2345 1572 2376 Perott.
1607 2345 1771 2377 curiosior
1803 2347 1849 2377 A.
1872 2345 1908 2377 J.

1069 2400 1147 2428 ante
1184 2399 1230 2429 Μ.
1270 2398 1385 2431 1526.
1424 2401 1549 2431 Perott
1599 2402 1767 2433 curiosior
1805 2401 1905 2444 proh.

1070 2451 1199 2484 Guliel.
1226 2454 1260 2485 5.
1287 2454 1322 2486 8.
1348 2456 1385 2485 L.
1409 2456 1474 2486 VV.
1500 2467 1567 2497 mg.
1591 2456 1624 2487 J.
1645 2456 1771 2495 Bothe,
1795 2457 1906 2489 Neuk.

1068 2518 1104 2543 30
1129 2509 1242 2540 cedam
1285 2512 1347 2542 W.
1393 2512 1431 2542 L.
1473 2512 1598 2543 medam
1632 2512 1745 2544 Editt.
1785 2514 1906 2544 sollers

1069 2564 1133 2595 W.
1158 2564 1196 2595 L.
1224 2565 1335 2598 Neuk.

1023 2629 1101 2661 pag.
1128 2618 1190 2650 22.
1214 2622 1332 2653 vinosa
1357 2623 1423 2654 Ed.
1447 2623 1527 2655 Jun.
1552 2624 1624 2655 sola
1652 2623 1767 2656 1585.
1791 2626 1822 2655 si
1841 2626 1904 2656 sim

1069 2675 1190 2717 steph.
1217 2677 1343 2709 Guliel.
1367 2680 1402 2710 in
1425 2680 1540 2711 Plaut.
1565 2680 1666 2723 Capt.
1680 2681 1720 2712 V.
1746 2680 1902 2713 Gronov.

1069 2731 1218 2764 observ.
1244 2734 1308 2766 IV.
1341 2734 1377 2766 2.
1404 2735 1466 2767 27.
1492 2737 1604 2769 Neuli.
1638 2738 1749 2768 uetari
1773 2738 1838 2768 NV.
1862 2739 1901 2770 L.

1067 2785 1234 2820 MS.Jun.
1257 2791 1541 2832 aptariA.Dusa.
1567 2793 1692 2823 iactari
1708 2793 1899 2836 cj.P.Jun.

1067 2854 1172 2874 comes
1193 2844 1344 2885 fluitare
1368 2848 1434 2878 VV-
1462 2848 1616 2891 limitare
1640 2850 1679 2880 L.
1699 2848 1744 2880 A.
1779 2851 1900 2880 immis-

1066 2910 1124 2929 sus
1151 2900 1212 2931 VV.
1238 2903 1357 2934 nu'ssas
1384 2904 1419 2934 L.
1453 2905 1576 2947 quibus
1597 2904 1794 2947 frequenter
1819 2917 1899 2936 cere>⁴
