2174 3267
249 127 340 166 200

249 249 354 286 gere.
393 235 503 283 Virg.
524 233 624 270 Aen.
655 231 722 268 lib.
751 247 796 268 11:
833 245 928 286 quos
963 233 1132 285 improba

247 304 393 340 ventris
422 300 565 353 Exeqit
600 314 730 338 caecos
772 300 911 338 rabies.
958 302 1129 352 Exigere

248 371 439 422 significat
461 384 588 419 agere.
620 370 784 407 Plautus
801 370 996 421 Captivis:
1026 371 1129 408 salve

255 440 455 490 Tymdare.
479 439 534 477 Et
560 446 616 483 tu,
645 441 752 477 cuius
775 453 894 477 causa
921 440 1022 477 Itane
1043 453 1128 476 cru—

247 523 374 546 mnam
396 510 517 560 exiyo.
551 509 659 559 Virg.
680 508 778 546 Aen.
803 509 868 546 lil).
888 524 917 546 1:
949 511 1067 546 omnis
1084 514 1127 546 ut

247 585 369 616 tecum
398 579 542 615 meritis
565 592 637 628 pro
660 578 798 615 talibus
820 591 942 615 (minos
964 578 1122 630 E.w[qat.

247 648 462 686 Terentius
482 649 520 685 in
542 648 722 699 Hecyra:
751 648 880 702 illique
905 653 1052 699 exopto,
1083 652 1126 684 ut

245 719 434 769 reliquam
478 719 594 755 vitam
638 719 778 769 exiyat.
833 717 1008 754 Lucilius
1056 716 1122 754 lib.

246 802 414 825 xxvnn:
439 801 523 824 cum
544 788 775 839 εοφιουενιῖς,
790 789 906 823 vitam
924 788 1006 823 sine
1025 799 1122 823 cura

243 859 388 909 exigas.
430 857 625 907 Exigere,
655 856 839 900 definire,
868 856 1119 893 constituere.

246 934 293 964 ‘20
316 926 537 977 Virg.Aen.
557 925 624 962 lib.
646 939 724 962 1111:
745 926 989 979 decrevitque
1011 926 1120 969 mori,

241 1002 389 1049 tempus
402 1009 527 1032 Secum
542 997 627 1048 ipsa
640 995 866 1048 modumque
878 993 1026 1047 Exiqit.
1041 995 1120 1032 Ex-

240 1070 386 1110 actum,
415 1068 690 1108 transcursum,
718 1064 979 1114 praeteritum.
1010 1064 1119 1113 Virga

241 1133 526 1184 Georgicorum
553 1133 620 1170 lib.
637 1146 701 1170 111:
732 1139 788 1178 at,
813 1133 932 1170 tribus
961 1135 1119 1178 exactis,

239 1203 308 1240 ubi
322 1209 466 1257 quarta
480 1204 668 1252 acceperit
683 1208 826 1239 aestas.
841 1203 892 1239 Et
905 1203 944 1240 in
959 1204 1116 1241 eodem:

241 1274 386 1310 exactis
410 1273 600 1323 yravidae
636 1286 721 1309 cum
748 1272 936 1309 mensibus
964 1279 1113 1310 errant.

293 1343 476 1380 Emnmu:
499 1348 559 1380 est
571 1343 782 1379 seeundum
797 1343 1116 1379 cousuetudinem

239 1412 408 1450 deicere.
437 1412 599 1449 Elidere
623 1412 737 1448 etiam
763 1412 973 1448 excludere
998 1412 1114 1461 sig-ni-

243 1482 344 1519 ficat.
395 1482 506 1532 Virg.
542 1481 607 1518 lib.
639 1495 730 1518 vm:
769 1481 876 1517 elisos
910 1482 1034 1517 oculos
1079 1486 1116 1517 et

237 1553 378 1588 siccum
397 1552 590 1602 sanquine
604 1556 755 1601 ⁸quttur.
786 1550 954 1587 Plautus
974 1551 1014 1587 in
1034 1550 1114 1587 Ru-

238 1621 376 1658 dente:
413 1620 499 1657 iube
522 1620 644 1657 oculos
674 1620 827 1664 elidere,
861 1621 960 1656 idem
984 1625 1026 1656 ut
1053 1633 1110 1656 se-

240 1699 286 1728 30
308 1692 395 1742 pius
423 1689 577 1741 faciunt
613 1690 736 1743 coqui.
788 1689 963 1726 Lucilius
998 1689 1111 1740 Saty-

237 1774 365 1798 rarum
385 1759 452 1796 lib.
473 1773 524 1796 11:
553 1759 778 1796 iniuriatum
799 1759 901 1795 hunc
920 1760 961 1795 in
978 1758 1113 1810 fauces

237 1831 387 1867 invasse
409 1831 651 1884 animamque
675 1829 836 1866 Elisisse
854 1829 921 1866 illi.
941 1828 1115 1871 Elidere,

239 1900 427 1938 suffocare
459 1899 521 1937 vel
550 1899 743 1936 occidere.
796 1899 905 1949 Virg.
929 1897 996 1935 lib.
1021 1911 1112 1934 vn1:

236 1972 484 2025 geminasque
506 1982 684 2022 premens
710 1969 852 2006 eliserit
873 1980 1031 2018 anques.

241 2083 273 2108 ιο
297 2074 495 2111 exspectabo
521 2072 633 2104 Orell.
660 2072 827 2103 XXVIII
850 2083 921 2102 cum
946 2070 991 2101 A.
1009 2071 1114 2101 Dusa.

239 2141 274 2164 20
298 2135 473 2160 accesserit
508 2128 599 2169 vulg.
639 2129 802 2170 acceperit
846 2127 983 2169 Vix-gilii
1027 2126 1114 2158 Cod.

238 2186 339 2217 Rom.
377 2188 410 2215 et
434 2185 521 2226 ΠΟΥ.
548 2182 651 2214 Forb.
676 2183 751 2213 iube
775 2183 886 2214 oculos
911 2184 978 2214 iam
993 2189 1027 2213 ut
1044 2195 1114 2213 sae-

234 2241 314 2284 pius
335 2240 471 2282 saciant
498 2244 535 2269 nt
558 2239 654 2282 coqui
679 2239 719 2269 B.
744 2239 859 2269 itidem
879 2245 915 2269 nt
934 2239 1060 2282 saepit's
1083 2238 1113 2282 cj

238 2297 280 2327 V.
305 2296 348 2326 D.
372 2295 434 2326 lib.
469 2305 538 2325 var.
572 2294 651 2325 lect.
691 2293 804 2325 1585.
845 2295 1050 2336 impuratum
1083 2293 1112 2337 ej

237 2362 273 2387 30
297 2353 402 2383 Mero.
428 2352 554 2383 Mun-ct.
582 2350 624 2380 V.
652 2350 688 2381 L.
719 2349 779 2385 18,
800 2349 857 2381 14.
885 2350 925 2380 In
949 2351 1111 2381 viriatum

235 2408 322 2439 hunc
347 2407 439 2438 Scal.
465 2408 508 2438 ad
535 2407 630 2437 Fest.
658 2419 690 2449 p.
711 2405 797 2438 199.
823 2407 1023 2437 invit-iatum
1049 2418 1109 2437 ms.

236 2465 347 2495 Palat.
386 2462 590 2505 probGebh.
615 2475 648 2505 p.
666 2462 728 2494 62.
769 2463 934 2493 invasisse
958 2462 1026 2505 ch.
1061 2463 1109 2492 iu-

234 2521 367 2551 volasse
391 2520 434 2550 A.
463 2521 495 2552 ,1.
530 2531 656 2563 unques
679 2519 802 2550 elidere
838 2518 936 2556 282,
977 2517 1035 2549 18.
1060 2517 1108 2549 Α.

234 2573 322 2618 (μεὶς,
340 2570 444 2608 292.)
476 2575 596 2618 poculo
618 2575 817 2617 pauxillulo
834 2587 931 2615 saepe
953 2575 1108 2604 exancla-

233 2632 283 2662 vit
311 2631 412 2672 Vulg.
449 2642 645 2661 surnmerum
672 2631 713 2662 B.
752 2631 812 2661 sub
836 2643 959 2662 merum
992 2631 1107 2661 Plaut.

235 2687 427 2730 problllerc.
485 2698 549 2717 non
603 2692 712 2725 potest
761 2688 869 2718 melan
927 2687 998 2730 ipse
1043 2687 1108 2716 inc.

234 2744 307 2775 sine
343 2744 382 2774 B.
423 2744 540 2773 clavus
583 2742 687 2773 Turn.
730 2741 803 2779 29,
840 2742 898 2774 17.
942 2742 1035 2773 labos
1078 2740 1109 2783 cj

234 2799 327 2840 Lips.
365 2798 406 2828 V.
442 2798 481 2829 L.
515 2796 558 2833 2,
587 2796 650 2829 28.
676 2799 822 2840 prMerc.
849 2799 1036 2842 torquantis
1063 2797 1106 2827 G.

235 2853 454 2886 andromache
467 2855 617 2886 moletto.-
633 2855 845 2898 quantiscmn
856 2854 995 2895 cherc.
1009 2854 1106 2884 Voss.

889 124 924 162 N
927 124 1003 162 ΟΝ
1005 125 1093 164 IUS
1121 127 1452 167 MARCELLUS

1250 236 1494 274 EXANCLARE
1540 238 1731 289 significat
1774 252 1838 275 ex·
1878 234 1933 289 (p.
1948 233 2067 281 292.)

1196 303 1363 342 haurire.
1415 305 1577 343 Plautus
1617 308 1654 344 in
1699 307 1859 344 Sticho:
1898 320 1947 343 ne
1997 308 2069 343 iste

1195 373 1326 425 edepol
1384 375 1512 411 vinum
1555 376 1687 421 poculo
1731 376 1887 428 plautus
1937 375 2065 411 illulo:

1192 440 1316 494 Saepe
1345 442 1561 480 exanclavit
1580 458 1723 481 merum
1742 446 1953 482 scitissime.
1987 444 2066 481 Ex-

1193 511 1363 555 anclari9
1404 513 1549 562 perfici.
1617 514 1810 551 Pacuvius
1853 514 2065 551 Periboea:

1190 593 1267 615 non
1281 585 1420 630 potest,
1436 581 1674 635 illenalippe,
1691 582 1752 619 hic
1769 584 1851 619 sine
1866 589 1934 620 tua
1949 596 2066 635 opera

1190 649 1538 687 exanclariclavos.
1570 651 1789 690 Exanclare
1812 653 1926 689 etiam
1947 653 2065 704 signi-

1187 716 1276 754 fieat
1292 719 1457 768 perpeti.
1486 719 1635 757 Ennius
1648 720 1943 759 Andromache:
1967 722 2064 759 malo

1185 789 1399 840 torquentis
1431 802 1513 825 cum
1541 791 1708 826 erumnis
1732 790 1837 826 illum
1864 791 2067 827 exanclavi

1187 856 1299 892 diem.
1345 857 1488 894 Accius
1516 858 1727 895 Diomede:
1752 858 1836 908 fere
1865 872 1982 896 exan-
2018 867 2061 897 10

1187 925 1368 962 clavimus
1394 926 1569 976 Tyranni
1592 940 1696 963 scum
1728 927 1921 978 ingenium
1947 933 2066 982 atque

1186 995 1447 1032 execrabilem.
1485 995 1596 1033 Idem
1611 996 1874 1048 Amfitryone:
1901 997 2063 1050 pertole-

1185 1077 1313 1101 rarem
1339 1066 1454 1101 vitam
1482 1065 1685 1119 cladesque
1711 1065 1971 1104 Exanclarem
2004 1067 2063 1102 in-

1181 1133 1359 1183 petibilis.
1412 1133 1587 1171 Lucilius
1637 1134 1703 1171 lib.
1733 1149 1830 1172 xxx:
1880 1142 2063 1189 quantas,

1183 1216 1333 1256 quoque
1357 1204 1464 1240 modo
1487 1216 1680 1247 ertmmaS,
1700 1210 1940 1258 quantosque
1959 1205 2061 1241 labo-

1183 1284 1246 1307 res
1273 1270 1525 1309 Exanclaris.
1570 1272 1812 1318 Exarmare,
1850 1273 2061 1311 effundere.

1182 1341 1333 1378 Ennius
1359 1342 1661 1378 Eumenidihus:
1690 1343 1769 1379 nisi
1798 1348 1950 1394 patrem
1969 1344 2060 1381 Ma-

1180 1417 1291 1447 terno
1318 1412 1507 1462 sanquine
1532 1412 1772 1449 excmclando
1800 1413 2031 1450 ulciscerem.

1233 1480 1463 1517 ΕιιΜιΝΑΒΕ
1500 1486 1559 1517 est
1591 1482 1710 1518 exire.
1739 1482 1889 1519 Ennius
1916 1482 2059 1520 Medea

1183 1550 1317 1587 exule:
1348 1552 1512 1603 cmtiqua
1542 1550 1649 1587 edilis
1673 1550 1758 1599 fida
1782 1557 1909 1588 custos
1930 1565 2061 1604 corpo-

1178 1620 1248 1662 ris,
1277 1619 1383 1667 Quid
1405 1620 1456 1656 sit
1479 1625 1591 1656 extra
1617 1620 1725 1656 aedis
1744 1622 1965 1658 examinata
1994 1622 2058 1658 eli-

1178 1688 1328 1725 minat?
1360 1689 1503 1726 Accius
1520 1689 1740 1726 Foeuissis:
1761 1691 1958 1741 egredere,
1983 1694 2057 1735 exi,

1184 1758 1287 1809 ecfer
1312 1764 1362 1802 te,
1387 1758 1540 1795 elimina
1562 1758 1667 1795 urbe.
1699 1759 1810 1796 Idem
1832 1759 1982 1797 Melea·
2009 1768 2054 1798 20

1183 1841 1253 1879 gro
1268 1842 1275 1861 τ
1298 1827 1427 1864 timide
1441 1827 1615 1864 eliminor
1628 1829 1804 1872 clamore,
1813 1829 1926 1866 simul
1938 1843 2056 1880 aquo-

1180 1902 1221 1934 ta
1245 1911 1317 1935 vox
1339 1898 1394 1934 ad
1412 1898 1523 1934 auris
1541 1898 1692 1935 accivit.
1724 1898 1849 1936 Varro
1867 1899 2054 1944 Serrano,

1179 1962 1275 2018 περὶ
1298 1959 1594 2018 οἷρχαιρεσιῶνε
1624 1968 1835 2019 occipitium
1855 1969 1963 2005 arivo
1983 1969 2053 2005 deo

1181 2070 1416 2101 Andromache
1449 2070 1707 2102 aechmalotide:
1743 2071 1880 2114 quantis
1911 2070 2051 2113 choth.

1182 2129 1243 2158 cfr.
1253 2140 1284 2170 p.
1296 2126 1387 2161 515,
1405 2126 1463 2157 15.
1489 2138 1665 2157 aerumnas
1682 2127 2048 2157 illumarani-Iarieum

1179 2184 1265 2214 diem
1290 2184 1332 2214 Β.
1360 2183 1439 2213 Feri
1463 2181 1592 2226 chuil.
1622 2182 1654 2219 l,
1680 2180 1742 2213 21.
1766 2182 1904 2225 tyranni
1923 2194 1991 2212 sae-
2019 2192 2050 2216 ιο

1180 2251 1255 2269 vmn
1272 2239 1375 2280 Vulg.
1403 2240 1552 2270 Plautus
1565 2238 1687 2281 Amph.
1702 2237 1901 2280 cholumua
1915 2250 1944 2280 p.
1958 2237 2050 2268 452.

1181 2295 1226 2325 cf.
1250 2295 1303 2326 Pl.
1328 2294 1456 2336 Amph.
1481 2294 1516 2331 4,
1550 2293 1589 2329 5,
1616 2292 1678 2324 20.
1712 2292 1774 2324 21.
1816 2293 1903 2324 Eun.
1927 2293 2050 2336 Amph.

1177 2349 1244 2392 ejJ.
1269 2351 1475 2392 impatibiles
1498 2351 1544 2381 A.
1571 2350 1699 2381 Miller.
1725 2354 1935 2393 quantasque
1955 2349 2050 2381 modo

1176 2406 1381 2438 A.1)usa.J.
1407 2408 1560 2446 Quantos
1583 2412 1725 2449 quotque
1754 2405 1849 2436 modo
1882 2405 2047 2448 chDusa.

1175 2468 1324 2505 quarutus
1347 2474 1474 2506 quoque
1497 2461 1589 2493 modo
1615 2471 1647 2492 v.
1670 2472 1700 2492 c.
1727 2460 1851 2497 Dusae,
1876 2461 1972 2503 ng.
1999 2463 2048 2493 ul-

1174 2518 1313 2548 ciscerer
1336 2518 1380 2548 A.
1406 2515 1496 2548 583.
1527 2517 1651 2547 Diiutz.
1681 2517 1739 2559 qui
1770 2528 1882 2559 comp.
1917 2516 2046 2550 Aesch.

1174 2573 1275 2604 Eum.
1300 2571 1392 2603 467.
1417 2574 1458 2603 cf.
1484 2572 1614 2613 Scalig.
1639 2583 1673 2614 p.
1704 2571 1793 2603 154.
1821 2571 1909 2615 conj.
1933 2585 1965 2615 p.
1980 2572 2044 2605 69.

1175 2630 1274 2659 exule
1298 2627 1419 2664 cf.59‚
1432 2628 1466 2659 5.
1499 2627 1622 2658 aedilis
1646 2626 1735 2658 585.
1760 2627 1880 2659 herilis
1899 2629 1962 2660 Ms.
1981 2629 2046 2660 Fa-

1174 2684 1240 2715 hri.
1271 2683 1354 2727 quid
1377 2684 1426 2714 sie
1450 2688 1479 2713 te
1494 2707 1500 2714 .
1516 2707 1523 2714 .
1539 2706 1545 2713 .
1561 2683 1727 2714 ‚ea-anim.
1763 2684 1812 2714 Μ.
1849 2685 2046 2715 ε’,νωιίηιαία

1172 2751 1235 2771 om.
1261 2740 1301 2770 B.
1341 2740 1389 2769 sic
1419 2744 1517 2769 extra
1550 2738 1591 2769 B.
1624 2738 1671 2769 A.

1177 2795 1366 2827 Ms.Fah1-i.
1390 2795 1470 2838 effer
1494 2799 1525 2824 te
1547 2805 1590 2824 ex
1615 2795 1709 2831 urbe,
1734 2795 1872 2826 elimina
1897 2796 1990 2827 Scal.
2007 2806 2043 2829 20

1174 2851 1265 2893 conj.
1291 2863 1323 2894 p.
1351 2850 1413 2882 75.
1448 2850 1508 2882 cfr.
1535 2848 1683 2892 Quintil.
1710 2849 1745 2888 8,
1771 2851 1807 2883 5.
1839 2851 1929 2894 ecfer
1952 2850 2041 2893 ng.

1706 2739 1827 2771 Elmsl.
1862 2740 2017 2771 eliminas
2028 2742 2044 2770 Ρ
