2174 3267
258 163 316 201 88

257 269 354 312 dus,
382 268 490 305 cuius
518 270 666 318 emptor
693 270 805 309 erat,
843 265 958 302 semel
987 265 1136 303 indica-

261 343 385 375 retur.

309 406 558 442 Ianrrrnno
602 416 676 454 pro
718 403 880 454 ineptia.
940 401 1138 440 Caecilius

255 476 487 525 Arpazone:
517 473 587 526 qui
611 472 733 517 homo,
766 454 1039 526 ineptitudinis
1072 487 1136 510 cu-

257 544 445 586 mulatus,
471 543 615 580 cultum
644 543 780 580 oblitus
806 543 870 579 es!

309 613 453 650 IGITUR
481 613 651 665 positum
683 627 755 663 pro
788 617 938 664 postea.
974 612 1138 649 Plautus

257 683 526 734 Amfitryone:
565 684 626 719 sin
653 682 771 719 aliter
801 687 928 719 essent
961 681 1140 724 animati,

259 766 384 807 neque
411 753 527 795 dent,
567 766 668 806 quae
704 758 863 805 petant,
900 751 993 792 Sese
1019 752 1140 802 iqitur

258 836 406 859 smnma
444 824 484 859 vi
517 835 656 876 resque
693 835 823 859 eorum
854 826 1139 874 oppugnatusse

262 901 309 930 20
340 892 533 944 oppidum.

312 962 546 1004 INvomnn,
580 961 758 1005 inruere,
796 959 951 998 evolare
988 959 1052 997 vel
1080 959 1137 996 in-

263 1030 370 1068 silire
387 1029 451 1068 vel
464 1029 660 1066 invadere.
690 1028 856 1067 Plautus
872 1028 1137 1080 Amfitryone:

259 1114 344 1138 cum
388 1099 553 1136 clamore
596 1099 768 1136 involant
813 1099 955 1152 impetu
998 1098 1136 1135 alacri.

260 1170 402 1207 Cicero
428 1169 476 1206 (le
499 1168 670 1207 Oratore
692 1168 761 1207 lib.
782 1182 847 1206 111:
878 1169 954 1205 ista
965 1169 1139 1220 pruden-

259 1242 315 1277 tia
339 1240 614 1293 doctrinaeque
636 1240 824 1291 possessio
831 1266 844 1282 ,
869 1240 910 1275 in
934 1252 1051 1292 quam
1077 1238 1141 1275 ho-

259 1310 402 1352 mines,
438 1309 625 1345 caducam
667 1309 782 1362 quasi
809 1312 928 1361 atque
966 1320 1141 1350 vacuam,

261 1378 508 1415 abundantes
543 1378 637 1421 otio,
677 1376 785 1413 novis
823 1377 1014 1424 occupatis
1030 1403 1041 1420 ,
1082 1377 1140 1412 in-

260 1448 501 1485 volaverunt.

311 1516 539 1554 IuchTuM
576 1518 694 1567 atque
732 1514 936 1551 indictum.
974 1514 1141 1552 Plautus

260 1586 465 1624 Asinaria:
494 1584 592 1622 male
629 1583 848 1621 cubandum
880 1589 957 1621 est:
993 1584 1141 1621 iudica-

260 1662 341 1693 tum
367 1669 425 1692 me
453 1667 552 1692 uxor
580 1653 686 1691 ducit
713 1653 877 1690 domum.

267 1734 312 1763 30
380 1725 547 1762 hrnmo
585 1737 658 1775 pro
688 1723 824 1774 magis.
864 1721 1028 1760 Plautus
1060 1722 1142 1759 Au-

260 1794 424 1832 lularia:
454 1799 573 1848 atque
595 1793 657 1830 ille
677 1806 766 1830 vero
791 1793 917 1829 minus
941 1792 1144 1845 minusque

261 1865 414 1918 inpedio
440 1863 617 1908 Curare,
640 1864 842 1912 minusque
871 1875 929 1899 mc
955 1861 1144 1911 inpertire

262 1934 481 1972 honoribus.

314 2004 596 2047 Iummscnnn,
624 2006 777 2053 petere,
797 2014 1002 2051 usurpare.
1027 2000 1144 2038 Plau-

265 2070 319 2125 (p.
340 2068 457 2119 129.)
482 2078 545 2110 tus
559 2071 783 2109 Aulularia:
811 2083 882 2106 nec
899 2076 1053 2121 partem
1077 2070 1148 2107 tibi

265 2144 398 2186 Adeo,
425 2143 489 2180 cni
522 2143 593 2185 sit,
626 2141 832 2192 indipisces
860 2153 985 2194 neque
1017 2140 1144 2187 fierem

266 2211 461 2264 excipies?

314 2282 612 2320 INCRUSTATL‘M.
643 2278 770 2317 Varro
801 2279 902 2317 Tafe
922 2279 1142 2331 Meuippu:

265 2402 377 2423 eorum
400 2392 479 2420 ante
503 2387 553 2423 A,
575 2387 646 2418 JM.
679 2398 893 2431 expugnasse
917 2390 997 2418 ante
1020 2387 1055 2418 J.
1087 2398 1142 2417 ex-

267 2458 303 2482 20
322 2455 532 2489 puynassere
547 2443 583 2475 J.
606 2443 811 2487 prudentiae
827 2442 872 2474 Μ.
896 2443 992 2474 nobis
1010 2454 1076 2475 occ.
1095 2442 1143 2474 M.

269 2502 481 2533 Iudicatmn:
507 2499 552 2530 ad
575 2499 741 2530 iudicium
767 2499 889 2540 mgVV.
929 2498 1145 2530 India-atum:

268 2558 522 2591 condemnatum
545 2560 645 2598 atque
667 2554 843 2585 adclIctum
867 2554 1062 2597 ejNFaher.
1089 2555 1146 2586 Iu-

268 2615 437 2646 dicatum:
478 2611 716 2642 adiudicatum
753 2616 853 2654 atquc
896 2611 1070 2643 addictum
1118 2611 1148 2654 ej

268 2670 487 2703 Freinshem.
526 2679 612 2699 uxor
635 2667 721 2698 dicit
755 2667 793 2698 L.
833 2667 998 2712 Inpendio
1022 2668 1148 2710 mgW.

268 2737 304 2762 30
330 2725 504 2769 Impendio
529 2725 607 2756 edd.
634 2718 725 2758 (bis).
749 2735 797 2754 me
822 2734 889 2756 om.
910 2725 977 2760 ἶν’,
1003 2729 1082 2756 ante
1099 2723 1146 2755 M.

270 2780 364 2827 (pag.
384 2776 487 2817 129.)
512 2782 663 2812 Plautus
688 2793 721 2822 p.
738 2778 830 2816 295,
847 2780 905 2812 12.
930 2781 1009 2812 inde
1019 2792 1147 2824 posceS,

269 2851 374 2884 neque
388 2838 599 2881 ejPasserat.
625 2834 825 2878 λιθόστρωτα
840 2860 845 2866 .
862 2862 869 2868 .
885 2842 1053 2868 crustatos
1069 2836 1144 2869 JM.

275 2907 307 2931 10
331 2896 569 2940 haecferantur
604 2893 642 2926 L.
697 2893 944 2937 prudentibus:
984 2895 1144 2925 nimirum

891 158 1006 198 NON
1010 157 1099 198 IUS
1128 157 1464 198 MARCELLUS

1200 255 1522 316 Μεθόστροστα
1556 265 1786 317 pavimenta
1834 268 1870 300 ct
1907 264 2077 316 parietes

1199 338 1411 371 crustatus.

1250 401 1475 448 Isro‘rm‘s,
1504 401 1616 439 valde
1644 406 1797 453 potens.
1827 401 1969 440 Cicero
1994 400 2076 438 Tu-

1201 472 1445 509 seulanarum
1480 470 1546 507 lib.
1567 485 1613 507 v:
1656 473 1725 525 qui
1758 472 1856 508 nihil
1890 474 2078 513 metuant,

1199 540 1297 576 nihil
1335 544 1476 592 ayant,
1516 540 1614 576 nihil
1649 542 1937 593 concupiscant,
1970 540 2079 577 nulla

1202 609 1420 662 inpotentia
1447 608 1685 660 ecferantur.

1253 678 1505 725 lmumrnn,
1531 680 1637 732 quod
1665 694 1744 717 non
1771 678 1918 723 audiat,
1949 678 1989 714 in
2015 691 2077 715 ve-

1201 747 1351 785 teribus
1364 749 1626 800 prudentibus
1637 748 1782 786 lectum
1796 753 1874 786 est:
1894 761 2011 802 quae·
2036 754 2077 784 10

1202 818 1292 855 dam
1325 820 1550 856 cmz'mcdimn
1583 819 1693 856 aliud
1722 819 1795 856 alio
1823 824 1958 856 carent
1966 832 1981 862 ,-
2012 822 2082 854 aut

1202 900 1227 924 a
1255 893 1404 924 natura
1428 889 1645 939 {sumuntur
1684 894 1754 925 [izit
1787 888 1970 931 inodora,
2013 892 2081 923 aut

1204 957 1401 994 inaudita.

1253 1024 1460 1064 INFESTUM
1494 1025 1614 1071 aliud,
1645 1025 1752 1062 aliud
1785 1025 1837 1062 sit
1871 1038 2081 1062 leENsmi.

1202 1095 1259 1133 M.
1281 1096 1439 1133 Tullius
1461 1109 1534 1147 pro
1557 1095 1738 1132 Plautio:
1768 1094 1950 1140 dolebam,
1976 1094 2077 1131 iudi-

1203 1178 1278 1209 ces,
1293 1171 1330 1203 et
1353 1165 1489 1203 acerbe
1508 1165 1694 1216 ferebam,
1713 1166 1750 1202 si
1770 1166 1884 1203 huius
1910 1164 2017 1201 salus
2040 1162 2084 1200 ob

1203 1248 1286 1272 eam
1311 1235 1434 1287 ipsam
1463 1248 1619 1272 causam
1642 1240 1740 1272 esset
1759 1234 1951 1283 infestior,
1983 1233 2086 1283 quod

1206 1306 1239 1341 is
1264 1318 1385 1342 meam
1411 1305 1574 1342 salutem
1600 1310 1718 1358 atque
1740 1305 1859 1341 vitam
1888 1317 1960 1341 sua
1983 1303 2085 1340 beni-

1203 1374 1395 1418 volentia,
1424 1375 1622 1428 praesidio
1645 1375 1894 1428 custodiaque
1911 1374 2082 1410 texisset.

1256 1443 1466 1490 lenanu,
1495 1444 1602 1496 quod
1622 1444 1842 1481 neseiateur
1864 1447 1929 1480 aut
1952 1443 2002 1480 sit
2026 1443 2085 1479 in-

1205 1513 1418 1564 cognitum.
1449 1513 1560 1564 Virg.
1573 1513 1691 1551 Aen:
1712 1515 1893 1565 &narum
1906 1512 2086 1549 Laurens

1715 1583 1926 1621 Sallustius
1966 1583 2005 1619 in
2038 1590 2084 1619 20

1206 1652 1445 1701 Iugurthino
1472 1652 1601 1690 bello:
1643 1666 1772 1689 amore
1799 1653 1993 1689 humanae
2023 1664 2086 1689 cu-

1205 1583 1320 1620 habet
1355 1596 1426 1620 ora
1460 1583 1668 1621 Mimanta.

1205 1722 1353 1775 pidinis
1377 1722 1519 1774 ignara
1539 1723 1703 1760 visendi.

1260 1792 1549 1829 INLATEBRARE
1579 1807 1600 1829 a
1623 1791 1787 1829 latebris
1813 1791 2086 1830 honestissime

1209 1861 1370 1899 dietum.
1398 1861 1556 1900 Caelius
1577 1860 1797 1899 Annalibus
1825 1860 1893 1898 lib.
1914 1875 1947 1899 1:
1976 1874 2088 1898 arma

1206 1931 1384 1985 plerique
1408 1931 1601 1975 abiciunt,
1631 1936 1749 1985 atque
1767 1930 1952 1969 inhermis
1973 1933 2014 1968 in
2030 1931 2086 1967 la-

1210 2000 1342 2038 tebras
1369 2014 1410 2037 se
1437 1999 1687 2037 inlatebrant.

1261 2070 1481 2108 Immonis
1505 2084 1670 2108 numero
1691 2070 1887 2122 singulari.
1917 2069 2084 2107 Ennius:

1209 2153 1252 2176 eo
1283 2153 1350 2192 eqo
1389 2140 1543 2191 inqenio
1580 2145 1698 2177 natus
1733 2153 1836 2177 sum:
1880 2140 2085 2177 amicitiam

1208 2209 1341 2264 Atque
1368 2210 1607 2248 inimicitiam
1627 2210 1668 2246 in
1684 2209 1852 2261 frontem
1866 2214 2085 2261 promptam

1207 2293 1313 2333 ycro.

1210 2386 1303 2419 Gell.
1331 2386 1367 2424 7,
1392 2386 1430 2423 6,
1461 2387 1496 2419 1.
1534 2389 1582 2419 sit
1606 2398 1673 2419 om.
1704 2385 1819 2418 1526.
1853 2386 1926 2418 JM.
1965 2387 2013 2417 sit
2035 2387 2085 2417 in-

1206 2443 1333 2487 festum
1361 2444 1424 2480 W,
1449 2447 1528 2475 ante
1556 2442 1670 2475 1526.
1696 2443 1745 2475 Μ.
1776 2443 1912 2474 Tullius
1937 2442 2031 2474 Gell.
2049 2442 2086 2480 9,

1215 2497 1275 2534 12,
1300 2498 1336 2529 5.
1364 2511 1485 2531 eausa.
1501 2500 1611 2544 ,quod
1636 2499 1708 2530 his.
1725 2499 1869 2530 ,texisse
1902 2500 1944 2531 L.
1987 2499 2085 2542 γίνῃ.

1212 2559 1246 2587 et
1270 2555 1462 2587 Sallustius
1487 2555 1577 2587 Gell.
1595 2555 1631 2590 9,
1660 2554 1719 2590 12,
1742 2554 1806 2586 22.
1840 2555 2012 2586 nesciatur·
2037 2555 2085 2586 M.

1211 2612 1247 2643 in
1259 2612 1336 2656 1¹‘!l·
1349 2612 1379 2642 b.
1404 2613 1447 2643 de
1472 2623 1532 2643 suo
1558 2612 1695 2642 addidit
1710 2611 1852 2643 Nonius.
1878 2623 1966 2641 mor-e
1983 2611 2032 2642 M.
2048 2621 2084 2645 20

1213 2667 1417 2710 cupiditatis
1441 2671 1520 2699 ante
1544 2667 1589 2698 Μ.
1619 2666 1760 2697 visenda
1787 2668 1825 2698 L.
1859 2666 1996 2698 Coelius
2021 2667 2086 2697 W.

1213 2723 1303 2755 Gell.
1332 2723 1392 2761 17,
1420 2722 1456 2760 2,
1482 2722 1516 2753 5.
1541 2729 1576 2753 at
1601 2722 1670 2753 iuh.
1696 2722 1735 2752 L.
1767 2723 1909 2753 inermes
1934 2727 2013 2754 ante
2038 2722 2085 2754 Μ.

1212 2780 1351 2812 Ennius
1386 2779 1478 2811 Gell.
1502 2778 1562 2815 19,
1579 2777 1665 2813 8,6.
1701 2779 1796 2809 amic.
1821 2778 1882 2810 odo
1906 2780 1954 2810 in.
1983 2779 2022 2809 L.
2051 2778 2087 2808 in

1208 2836 1324 2880 fronte
1338 2835 1407 2878 ch
1420 2836 1450 2867 1.
1471 2847 1487 2866 e
1504 2835 1629 2871 Gellio,
1643 2835 1769 2867 Bothe.
1798 2836 1940 2879 Impune
1952 2835 2086 2879 impune

1211 2892 1336 2933 mgW.
1363 2893 1503 2935 Impune
1518 2916 1524 2923 .
1539 2915 1544 2922 .
1558 2890 1767 2935 impudenter
1782 2891 1847 2933 ch.
1876 2889 2015 2934 Impudo
2025 2888 2082 2921 alii
