2174 3267
508 212 540 248 1.
595 211 668 248 DE
696 209 1096 249 PROPRIETATE
1126 208 1446 249 SERMoNUM.
1843 208 1872 248 ὅ

69 319 215 357 rentius
239 317 702 357 Heautontimorumeno:
731 316 874 368 egone?
903 318 937 354 si

67 390 162 432 υἰυο,
182 386 277 424 adeo
304 392 525 424 exornatum
552 386 668 430 dabo,
699 385 794 422 adeo
826 386 935 439 depe-

66 471 175 501 xum,
201 461 257 502 ut,
285 456 373 494 dum
402 457 519 500 vivat,
545 456 758 493 meminerit
788 467 936 509 semper

65 527 148 563 mei.

117 595 326 633 SARToREs
348 594 444 631 dicti
454 607 531 631 non
545 593 668 631 solum
680 608 700 630 a
716 593 933 637 sarciendo,

64 678 195 702 verum
212 664 326 701 etiam
336 678 355 700 a
370 663 546 701 serendo.
558 662 724 700 Plautus
738 662 931 713 Captivis:

67 741 111 771 30
126 738 254 770 sartor
267 738 448 787 satorque
459 732 693 775 scelerumsst
700 745 842 768 messor
856 745 933 768 ma-

61 815 182 839 xume.
234 801 287 839 Et
317 802 359 838 in
391 800 714 852 subsequentibus
763 801 931 851 aperuit:

61 885 139 908 non
181 858 388 908 occatorem
421 871 530 923 prius
572 869 739 907 audebas
778 869 932 906 dicere?

61 940 165 978 Nam
177 953 324 993 semper
343 945 475 977 occant
491 940 614 993 prius,
631 953 745 994 quam
760 940 936 976 sarrizmt

63 1006 116 1061 (p.
131 1005 189 1056 8.)
221 1010 369 1046 rustici.
433 1009 560 1047 Varro
586 1009 814 1054 vinalibus,
848 1009 934 1060 peri

64 1079 292 1117 afrodision:
325 1091 365 1115 ec
384 1079 480 1115 enim
507 1079 560 1115 sic
572 1078 678 1115 vide:
697 1083 826 1115 utrum
840 1091 934 1115 mer-

64 1149 188 1185 cedem
212 1149 350 1201 accipz't
373 1149 427 1192 is,
454 1148 523 1201 qui
543 1160 642 1184 meas
666 1149 770 1183 venit
797 1147 934 1199 segetis

63 1224 106 1254 ut
145 1218 311 1261 sarriat,
352 1229 405 1252 au
447 1229 512 1267 690
544 1216 590 1252 ab
626 1216 717 1251 illo?
770 1215 835 1253 Sic
870 1228 934 1266 eqo

63 1300 145 1324 cum
173 1292 234 1323 tus
260 1286 330 1322 sim
353 1290 496 1328 sartor,
528 1285 562 1321 si
584 1290 627 1321 tu
650 1284 737 1337 plus
768 1283 934 1329 laboras,

62 1368 175 1410 quam
201 1367 268 1407 690
293 1354 350 1392 do.

113 1424 280 1462 NAUTEA
310 1427 372 1461 est
395 1437 493 1475 aqua
514 1422 563 1459 de
589 1422 705 1459 coriis
730 1421 807 1467 vel,
831 1421 936 1473 quod

65 1498 124 1532 est
153 1494 305 1539 verius,
336 1507 435 1544 aqua
474 1492 522 1529 de
564 1492 735 1537 sentina,
771 1491 874 1528 dicta
914 1506 935 1528 a

64 1565 202 1602 nautis.
222 1564 385 1601 Plautus
401 1562 659 1600 Curculione:
674 1574 761 1598 nam
773 1561 935 1597 omnium

63 1638 296 1685 unquentum
333 1632 427 1669 odor
458 1645 540 1685 prce
580 1636 644 1667 tuo
681 1635 825 1666 nautea
865 1635 932 1666 est.

71 1711 112 1741 10
126 1702 437 1740 IdemAsinaria:
453 1706 633 1738 nauteam
642 1699 783 1736 Bibere
796 1699 935 1741 mcdim,

64 1773 99 1809 si
116 1774 266 1809 u'ecesse
287 1772 351 1815 sit,
374 1783 487 1824 quam
516 1770 619 1805 illam
641 1768 861 1805 oscularier.

117 1842 274 1879 Tmen
308 1844 396 1877 sunt
432 1839 698 1889 inpedimenta
729 1840 769 1873 et
807 1835 934 1887 impli-

67 1912 258 1949 cationes:
288 1914 329 1947 et
352 1909 583 1945 iutricenare
610 1905 822 1956 impedire,
854 1918 934 1941 mo-

64 1981 162 2018 rari:
185 1980 297 2017 dictae
315 1979 424 2030 quasi
442 1978 562 2021 tricae,
584 1976 688 2027 quod
706 1974 837 2025 pullos
853 1974 933 2024 gal-

63 2050 236 2089 linaceos
266 2047 468 2085 involvant
498 2050 537 2082 et
572 2044 775 2096 inpediant
801 2043 933 2094 capilli

63 2119 231 2171 pedihus
244 2116 446 2168 implicati.
499 2115 661 2152 Plautus
677 2113 931 2152 Curculione:

69 2197 114 2226 20
130 2188 232 2243 quod
252 2192 466 2240 argeutum,
489 2185 603 2240 quasi
625 2190 668 2221 tu
693 2184 787 2221 mihi
816 2184 933 2220 tricas

65 2257 235 2295 narras?
297 2256 410 2294 Idem
443 2254 631 2305 Epidico:
686 2254 819 2306 aliqua
866 2265 934 2304 ope

69 2327 269 2370 exsolvam,
280 2324 495 2363 extricabor
504 2324 686 2378 aliquam,
704 2322 795 2359 inde
805 2336 853 2359 ex
865 2321 932 2357 im-

67 2396 300 2449 pedimentis
332 2393 540 2432 h'herabor.
602 2391 777 2429 Lucilius
805 2391 932 2442 Satyr.

112 2531 155 2562 ad
167 2529 294 2573 Amph.
313 2529 345 2561 1.
360 2529 449 2573 perii
459 2529 570 2560 Editt.
593 2527 704 2571 Egyosi
714 2527 790 2558 vivo
801 2525 937 2567 Montp.

112 2586 249 2618 serendo
278 2586 343 2617 W.
372 2586 410 2616 L.
435 2585 568 2628 Montp.
593 2596 613 2614 a
634 2581 808 2613 sarriendo
825 2582 937 2612 Editt.

70 2653 150 2685 pag.
176 2641 212 2674 3.
237 2642 356 2672 etenim
379 2641 413 2672 J.
430 2642 478 2673 M.
501 2645 626 2684 sessetes
656 2639 769 2669 Editt.
795 2643 850 2667 tus
875 2637 937 2667 sim

113 2698 229 2728 vV.L.
242 2696 348 2730 MSS.
361 2697 511 2728 Mem-B.
539 2699 686 2738 coniptus
697 2695 758 2725 sim
773 2693 814 2736 ej.
829 2693 935 2724 Turn.

116 2763 188 2783 cum
198 2754 347 2784 tuus-sim
357 2752 399 2795 ej
409 2752 546 2783 Acidal.
559 2751 606 2782 Μ.
634 2760 666 2784 10
679 2750 840 2781 intricare
852 2748 896 2779 A.
906 2747 940 2783 J,

76 2838 81 2844 .
116 2808 214 2851 quasi
237 2810 346 2851 τρίχες
367 2807 414 2839 Μ.
457 2818 491 2840 20
508 2811 695 2849 amentum,
719 2816 802 2848 quac
833 2804 868 2835 J.
893 2804 940 2834 M.

118 2864 247 2907 aliqua,
271 2863 307 2894 id
332 2869 392 2898 est,
417 2874 459 2893 ex
482 2862 516 2894 J.
543 2861 589 2893 Μ.
613 2866 719 2904 putas
735 2872 770 2891 eo
786 2871 848 2891 non
876 2858 938 2889 W.

118 2919 300 2950 Atellanas
336 2919 381 2950 A.
416 2918 449 2950 J.
491 2928 525 2951 30
564 2917 711 2948 Plautus
745 2927 808 2946 om.
834 2915 879 2946 A.
905 2914 938 2945 J.

995 317 1063 355 lib.
1086 317 1150 355 xi.-
1197 330 1267 354 nec
1295 317 1390 354 mihi
1409 329 1536 354 amore
1563 316 1632 353 hoc
1659 328 1751 368 opus
1760 344 1772 361 ,
1802 329 1873 354 nec

998 387 1143 424 tricone
1167 387 1323 424 vadato.
1391 386 1596 437 Turpilius
1632 385 1869 436 Demiurgo:

996 457 1162 500 iudicia,
1197 457 1301 500 litis,
1332 455 1486 499 turbas,
1515 456 1654 499 tricas,
1681 455 1870 491 contiones

996 538 1202 562 mezxumas.
1265 524 1452 562 Afranius
1487 524 1692 575 Epistula:
1727 525 1784 560 ita
1815 525 1871 560 ἰη-

996 594 1150 631 tricavit
1185 594 1297 630 huius
1342 607 1422 630 rem
1463 594 1670 629 temeritas.
1744 593 1870 631 Varro

997 661 1408 700 Gerontodidascalo:
1434 667 1550 715 putas
1580 671 1640 698 eos
1660 675 1737 697 nou
1764 663 1873 698 citius

996 733 1114 769 tricas
1143 732 1343 776 Tellauas,
1383 744 1496 785 quam
1522 730 1564 767 id
1590 731 1795 767 extricata·
1824 738 1871 767 30

996 801 1086 838 ros?
1126 801 1300 839 Plautus.
1346 798 1422 838 Est
1449 800 1588 837 laczma
1613 801 1727 836 tm'um
1753 799 1874 836 linea-

997 884 1082 907 rum
1106 876 1142 907 et
1166 871 1345 908 dimidioe.

1049 939 1290 977 CAPERRARE
1318 944 1377 977 est
1395 939 1500 991 rugis
1525 940 1695 976 frontem
1720 942 1873 975 contra-

997 1009 1093 1047 here
1122 1015 1160 1047 et
1187 1023 1391 1061 asperare,
1429 1013 1597 1046 tractum
1622 1024 1643 1046 a
1669 1021 1874 1059 caprorum

997 1078 1193 1116 frontibus
1253 1079 1402 1130 crispiS.
1476 1078 1638 1115 Plautus
1687 1077 1875 1129 Epidico:

1000 1147 1096 1200 quid
1119 1147 1216 1183 illud
1245 1153 1313 1191 est,
1344 1147 1447 1201 quod
1474 1147 1531 1183 illi
1555 1152 1734 1199 caperrat
1747 1143 1802 1197 (p.
1816 1141 1873 1190 9.)

997 1215 1107 1266 frons
1143 1215 1432 1252 severitudine?
1486 1215 1612 1252 Varro
1647 1215 1872 1252 Eumenidi-

998 1283 1090 1320 hus:
1119 1285 1213 1336 quin
1241 1284 1336 1320 mihi
1359 1288 1600 1336 caper-ratam
1633 1288 1738 1321 tuam
1754 1283 1873 1331 *fron-

997 1358 1092 1397 tem,
1120 1353 1304 1397 Str-obde,
1329 1353 1480 1389 omittis.

1047 1421 1285 1459 Exmmssm
1312 1422 1454 1459 dicitur
1485 1422 1698 1459 examinate
1734 1421 1783 1458 ad
1812 1435 1875 1459 re-

999 1492 1127 1542 gulam
1143 1492 1207 1529 vel
1226 1495 1512 1542 coagmentum:
1545 1495 1604 1527 est
1627 1492 1728 1527 enim
1751 1505 1874 1528 amus-

1001 1561 1052 1598 sis
1061 1561 1197 1612 rcgula
1210 1560 1420 1603 fabrorum,
1431 1575 1544 1612 quam
1555 1560 1772 1605 architecti,
1787 1574 1875 1597 cum

1002 1644 1100 1681 opus
1123 1630 1318 1680 probant,
1351 1630 1506 1667 rubrica
1531 1630 1712 1667 inlinunt.
1755 1629 1873 1667 Plau·

999 1704 1060 1737 tus
1076 1699 1340 1751 Amfitryone:
1364 1699 1399 1735 si
1413 1712 1507 1735 vera
1527 1699 1696 1753 quuitur
1717 1698 1809 1743 laec,
1829 1705 1872 1736 10

1000 1769 1176 1804 amussim
1200 1774 1255 1805 est
1278 1769 1427 1821 optima.
1466 1768 1577 1805 Idem
1590 1768 1746 1804 Milite:
1776 1768 1877 1804 inest

1000 1838 1044 1872 in
1070 1837 1139 1873 hoc
1173 1838 1394 1873 emussitata
1422 1850 1492 1873 sua
1518 1837 1593 1873 sibi
1621 1838 1789 1887 ingenua
1818 1838 1877 1873 in-

1002 1905 1126 1949 doles,
1155 1905 1196 1942 id
1222 1910 1294 1951 est‚
1319 1905 1543 1942 examinata.
1582 1905 1693 1943 Idem
1718 1906 1758 1942 iu
1788 1905 1873 1943 Me-

999 1974 1198 2011 naechmis:
1226 1980 1267 2011 ut
1291 1975 1391 2010 hauc
1412 1987 1492 2010 rem
1516 1974 1616 2010 vobis
1650 1975 1873 2011 examussim

1000 2043 1198 2095 disputem.
1254 2043 1380 2079 Varro
1411 2033 1585 2094 Πατρός
1608 2034 1659 2080 τό
1690 2038 1872 2090 παιδίον,

998 2108 1397 2164 περὶπαιὸοποιΐαςι
1419 2124 1465 2148 ac
1485 2125 1618 2164 quare,
1636 2113 1672 2147 si
1690 2112 1757 2148 diu
1777 2125 1873 2164 qens

1001 2186 1056 2218 est
1076 2181 1129 2218 ad
1155 2182 1353 2225 amussim,
1377 2193 1449 2233 per
1480 2194 1537 2217 me
1569 2181 1657 2217 licet
1691 2181 1871 2218 adsumas

997 2256 1105 2287 teneo
1131 2240 1282 2288 dlcc'uov.
1337 2250 1447 2287 Idem
1473 2250 1739 2297 Quaestionum
1754 2250 1871 2287 Plau-

999 2320 1166 2356 tinarum
1197 2319 1266 2356 lib.
1289 2320 1335 2356 ii:
1387 2320 1549 2357 anzussz's
1585 2325 1640 2356 est
1677 2333 1873 2373 tequamen

1000 2389 1250 2426 levamentum
1258 2404 1274 2434 ‚-
1303 2389 1346 2425 id
1371 2393 1426 2425 est
1450 2388 1556 2440 apud
1580 2387 1709 2435 fabros
1738 2388 1868 2425 tabula

1047 2523 1082 2553 in
1092 2521 1249 2554 MSSM.
1264 2522 1364 2553 etxv.
1380 2525 1430 2552 est
1443 2522 1562 2553 lacuna
1576 2524 1678 2554 trium
1691 2523 1870 2560 linearum,

1047 2578 1082 2608 in
1105 2578 1144 2608 L.
1170 2581 1204 2608 et
1227 2578 1269 2607 B.
1295 2578 1461 2608 dimidiae.
1493 2589 1650 2621 caperem-c
1672 2578 1782 2609 Editt.

1002 2645 1079 2676 pag.
1105 2632 1140 2665 9.
1177 2633 1260 2676 quid
1282 2633 1364 2663 mihi
1386 2634 1521 2675 Montp.
1545 2633 1591 2665 A.
1628 2634 1697 2663 Str.
1722 2634 1869 2665 ostendis

1046 2689 1178 2731 Montp.
1197 2689 1250 2719 vel
1262 2694 1484 2732 coagmentum
1500 2689 1708 2731 om.lIIontp.
1747 2699 1778 2723 10
1790 2701 1869 2734 verra

1050 2743 1118 2775 Jioec
1151 2744 1318 2788 loquitur,
1354 2746 1553 2775 examussim
1592 2745 1705 2776 Editt.
1759 2746 1869 2776 Varro

1050 2802 1107 2830 τοῦ
1130 2796 1250 2842 πατρὸς
1272 2800 1364 2832 «ΓΜ.
1390 2811 1428 2830 ac
1447 2811 1511 2831 om.
1527 2801 1564 2831 L.
1578 2801 1689 2831 Editt.
1715 2801 1773 2831 dia
1787 2813 1870 2844 flens

1052 2855 1094 2897 ej.
1110 2856 1215 2886 RIcrc.
1241 2855 1276 2886 id
1290 2856 1406 2899 ingens
1431 2854 1566 2896 cj.Jun.
1591 2855 1683 2886 dium
1705 2867 1811 2899 'qeuus
1834 2868 1878 2886 cs

1053 2911 1093 2952 cj.
1132 2911 1241 2941 Palm.
1293 2910 1381 2943 148.
1417 2911 1575 2942 adsumus
1610 2913 1674 2942 w

1718 2910 1869 2942 dtdxorw'
