2174 3267
583 78 592 95 ἃ

529 188 558 225 1.
616 187 688 226 DE
717 188 1120 229 PROPRIETATE
1149 190 1470 232 SERMONUM.
1869 198 1893 233 7

84 296 248 344 frontem
275 295 415 333 lecticae
441 296 662 341 struebant,
694 310 740 334 ex
773 310 818 334 ea
842 298 960 336 herba

83 371 186 402 torta
213 370 337 401 torum
363 365 618 418 appellatum3
655 367 726 404 hoc
758 367 861 417 quod
887 368 958 404 ini-

84 435 197 478 citur,
220 434 333 470 etiam
352 448 456 472 nunc
480 436 580 472 toral
601 436 767 479 dic-itum
787 436 957 474 lecticam

82 504 151 557 qui
177 503 441 549 involvebant,
477 506 662 557 seqestria
690 505 954 558 adpellabant.

133 572 469 611 CONCENTURIARE
497 579 556 611 est
583 574 785 626 colligere,
810 575 956 612 dietum

80 658 102 680 a
130 642 338 687 centuriis,
363 656 447 693 quae
473 644 523 681 ad
545 644 725 695 suffragia
749 645 955 682 convenie-

82 719 127 748 20
145 711 250 748 hant.
291 711 453 749 Plautus
465 712 684 751 Pseudulo:
716 715 956 751 concenturio

78 781 120 817 in
136 780 249 817 eorde
265 781 481 832 sycofantia
503 789 572 820 est.
630 783 844 821 Terentius
856 783 954 821 For-

77 851 234 887 mione:
273 863 339 902 eqo
370 851 411 887 in
450 852 601 890 insidiis
619 851 954 898 Sullcenturiatus,

77 919 113 955 si
133 918 230 974 quid
255 918 419 968 deficies.

128 988 348 1026 anronns
364 989 608 1035 dicebantur,
624 1003 721 1042 quos
734 1005 836 1028 nunc
852 991 952 1042 agri-

77 1071 275 1095 mensores
297 1059 483 1104 dicimus,
507 1059 617 1105 dieti,
642 1060 749 1111 quod
778 1060 864 1098 finis
894 1060 951 1097 di-

322 1128 485 1166 Plautus
505 1128 694 1166 Poenulo:
733 1130 813 1166 eius
849 1143 953 1166 nunc

77 1126 267 1165 viderent.

76 1196 262 1248 reqiones,
291 1197 442 1241 limites,
472 1196 637 1246 confinia
668 1197 952 1245 Determiualm,

76 1265 155 1301 eius
181 1267 242 1301 rei
270 1277 335 1317 eqo
358 1279 441 1302 sum
463 1266 592 1317 faetus
614 1265 759 1315 finitor.

125 1333 285 1371 PAssmu
312 1340 372 1372 est
392 1335 553 1386 proprie
580 1348 763 1386 rugosum
786 1335 851 1374 vel
878 1336 950 1373 sic-

76 1411 121 1440 30
135 1416 232 1440 cum.
260 1403 424 1441 Plautus
443 1403 599 1442 Sticho:
614 1405 656 1440 in
670 1410 824 1457 portum
841 1410 952 1442 vento

72 1473 260 1517 secunda,
301 1474 382 1511 velo
415 1487 530 1527 passo
561 1475 760 1526 pervenit3
803 1474 842 1511 id
876 1478 950 1519 est,

72 1543 161 1579 laxo
189 1548 228 1580 et
252 1557 416 1594 rugoso:
446 1543 549 1580 unde
570 1548 609 1580 et
622 1558 695 1581 uva
714 1556 828 1594 passa
845 1543 951 1581 dicta

74 1616 155 1658 est,
181 1614 287 1664 quod
314 1613 364 1649 sit
389 1613 497 1663 rugis
521 1613 729 1664 implicata.
784 1612 949 1650 Plautus

74 1679 129 1733 (p.
146 1677 231 1727 12.)
254 1682 436 1720 Poenulo:
466 1683 616 1737 siquide
646 1695 710 1719 aes
737 1687 779 1718 tu
809 1695 951 1718 mecum

69 1750 225 1802 futurus
242 1765 314 1804 pro
337 1765 412 1788 uva
435 1764 554 1804 passa
581 1751 734 1803 pensili.
774 1750 950 1788 Lucilius

71 1820 199 1872 Satyn
226 1820 295 1857 lib.
316 1820 447 1857 xviiii:
489 1822 620 1872 ruqosi
637 1820 821 1873 passique
842 1832 950 1856 senes

73 1890 203 1927 eadem
228 1890 355 1926 omnia
382 1894 571 1943 (luserunt.

122 1959 257 1996 Expns
287 1959 430 1995 dicitur
456 1958 538 1995 sine
565 1971 646 2008 spe.
700 1958 845 1995 Accius
870 1957 948 1995 Eu-

71 2042 230 2080 rysace:
259 2028 322 2064 ille
344 2027 470 2072 orbus,
497 2040 608 2080 expes
635 2026 805 2064 liberum.
838 2027 950 2064 Idem

70 2097 240 2134 Medea:
267 2096 382 2139 exuli,
409 2096 511 2132 inter
532 2096 673 2139 hostis,
704 2109 857 2149 exspes,
890 2110 950 2133 ex-

70 2179 174 2220 pers,
199 2166 386 2209 desertus,
409 2178 539 2217 vaqus.

78 2243 120 2273 10
188 2235 350 2272 Exumss
376 2235 560 2272 dicuntur
582 2239 692 2273 extra
716 2234 949 2272 solum.Vir-

120 2352 152 2376 10
175 2342 336 2373 Tor-[alim
361 2355 402 2359 -
426 2342 645 2386 adpellalmnt
670 2340 702 2371 h.
721 2340 743 2371 l.
769 2341 804 2371 in
819 2341 883 2371 WV.
902 2341 941 2371 L.

117 2399 242 2429 desunt
284 2398 356 2429 sinc
395 2398 466 2429 ullo
506 2398 604 2440 signo
653 2397 943 2439 transpositionis.

116 2455 204 2485 toral
228 2458 260 2484 et
283 2454 444 2485 torialum
468 2454 662 2497 stra-{lulum
686 2457 744 2483 esl.
772 2452 882 2482 Varro
904 2451 945 2482 (le

118 2510 189 2540 vila
217 2521 294 2553 pop.
321 2511 414 2541 Rom.
441 2509 487 2541 A.
518 2508 619 2541 Toral
652 2509 693 2539 ab
731 2508 831 2538 herba
857 2513 944 2538 torta

116 2565 244 2596 dictum
267 2575 336 2597 esse
360 2566 488 2611 desiyn.
515 2565 557 2609 ej.
581 2566 687 2597 Mere-
713 2576 780 2609 qua
794 2562 945 2605 frontem

118 2620 159 2664 ej.
170 2622 296 2653 Moller
307 2622 350 2652 ad
358 2622 505 2653 Varron.
518 2634 550 2664 p.
564 2619 652 2652 166.
678 2631 714 2654 20
722 2618 944 2664 pseudolacus

118 2677 157 2707 L.
184 2677 239 2707 cui
264 2677 415 2708 centurio
439 2678 504 2709 W.
529 2677 571 2707 B.

75 2742 151 2774 pag.
181 2731 240 2763 12.
273 2732 436 2776 siquidem
469 2745 503 2763 es
541 2737 577 2762 tu
607 2732 722 2763 Editt.
765 2742 884 2775 exspes
908 2731 946 2761 L.

118 2798 154 2820 20
172 2788 367 2818 irasciturum
383 2789 450 2818 W.
470 2787 515 2819 A.
541 2789 745 2819 inscitunam
757 2787 948 2818 L.inseicnu

120 2842 163 2871 Β.
188 2842 262 2874 MS.
288 2843 407 2874 Fabri.
447 2834 645 2875 inscitnlam
677 2843 719 2886 ej.
756 2842 888 2875 Guliel.
914 2843 948 2873 in

120 2898 236 2929 Plauti
255 2897 388 2930 Cistell.
410 2899 504 2942 proh.
522 2900 628 2931 Mei-c.
641 2899 766 2930 Bothe.
781 2899 945 2941 inspeclu-

1025 299 1140 350 gilius
1188 298 1411 351 Georgicon
1480 301 1546 338 lih.
1587 301 1648 338 iii:
1712 302 1896 356 lanaeque

1022 369 1161 420 {quotis
1189 370 1319 407 exulat
1347 371 1437 407 oris.
1471 370 1523 407 Et
1552 371 1591 408 in
1620 373 1894 423 consequenti—

1022 437 1112 474 bus:
1146 444 1183 475 et
1205 439 1356 476 stabula
1372 446 1574 491 aspectans
1595 441 1723 493 reynis
1739 441 1896 478 excessit

1023 507 1148 542 avitis.

1072 573 1300 612 VESTISPICI
1322 575 1625 626 appellabantur
1644 579 1809 616 vestium
1831 593 1894 616 cu-

1020 643 1155 680 stodes
1183 644 1304 689 servi‚
1337 645 1442 696 quod
1468 646 1664 698 frequenti
1693 648 1895 698 diligentia

1019 713 1137 750 vestis
1170 713 1391 764 inspiciant.
1445 714 1610 752 Plautus
1645 715 1893 754 Trinummo:

1017 795 1094 819 nox
1118 783 1258 826 datur,
1280 783 1436 820 ducitar
1453 783 1604 831 familia
1620 790 1718 822 tota:
1754 785 1795 822 V
1791 798 1825 822 e-
1847 794 1893 823 20

1017 852 1176 904 stispiei,
1209 858 1367 897 unctor,
1401 854 1493 890 auri
1519 860 1656 892 custos.
1711 855 1895 894 Afranius

1017 920 1212 972 Vopisco:
1240 924 1348 966 novi,
1380 935 1458 958 non
1480 923 1708 961 inseituram
1737 925 1895 962 ancillu-

1017 989 1093 1027 lam
1105 1003 1261 1043 vespere
1273 996 1310 1028 et
1322 992 1576 1044 vestispieam.
1599 993 1726 1031 Varro
1739 993 1895 1045 Pappo‚

1018 1064 1084 1096 aut
1124 1060 1275 1112 indiget
1318 1062 1559 1099 nasturcium
1587 1063 1717 1115 indiqe
1752 1065 1895 1101 nonin

1016 1128 1123 1164 vides
1152 1129 1236 1164 ineo
1261 1129 1359 1173 diei,
1398 1130 1502 1183 quod
1532 1143 1670 1168 nasum
1692 1138 1892 1186 torqueat:

1015 1197 1269 1248 vestispicam,
1300 1198 1403 1251 quod
1422 1204 1562 1235 vestem
1587 1200 1753 1251 spiez‘at?

1068 1265 1294 1303 SUPmLAm:
1317 1271 1377 1303 est
1402 1267 1576 1305 involare
1603 1269 1666 1305 vel
1690 1282 1847 1320 rapere,
1873 1285 1893 1308 a

1014 1334 1185 1386 pilorum
1217 1340 1355 1386 raptu3
1394 1336 1496 1374 vnde
1533 1340 1573 1374 et
1609 1338 1752 1375 furtum
1789 1340 1895 1390 passi

1016 1404 1218 1455 compilari
1230 1404 1424 1444 dicuntur.
1452 1405 1616 1444 Plautus
1626 1407 1870 1446 Truculento
1883 1425 1892 1445 :

1014 1474 1094 1511 hcee
1112 1473 1206 1511 Cum
1234 1475 1342 1512 video
1349 1474 1451 1524 fieri,
1466 1474 1649 1527 suffuror,
1659 1477 1823 1530 suppilo,
1844 1486 1890 1515 30

1014 1544 1063 1581 de
1103 1544 1240 1596 prcecla
1284 1546 1457 1596 prcedam
1500 1545 1631 1599 Capio.
1711 1546 1893 1585 Caeeilius

1013 1612 1238 1651 Nauclero:
1278 1615 1512 1667 suppilatum
1558 1622 1615 1652 est
1661 1629 1744 1653 eum
1778 1623 1893 1671 atque

1014 1689 1240 1720 ornamenta
1265 1685 1405 1721 onmia.
1463 1684 1705 1736 Pomponius
1729 1682 1787 1738 (p.
1805 1684 1891 1733 15.)

1015 1752 1256 1789 Sarcularia:
1287 1753 1387 1790 alter
1418 1755 1535 1791 anmd
1570 1761 1724 1806 portat,
1762 1757 1893 1808 procli-

1012 1821 1082 1871 9it,
1105 1826 1257 1872 patrem
1281 1822 1452 1874 suppilat
1481 1835 1640 1873 semper.

1066 1888 1231 1926 AUSTRA
1252 1891 1412 1941 proprie
1433 1891 1614 1930 dicuntur
1634 1896 1807 1931 rotarum
1827 1908 1888 1931 ca-

1014 1957 1069 2003 di,
1105 1958 1152 1995 ab
1189 1959 1389 2005 auriendo,
1431 1960 1547 1997 sicuti
1581 1959 1720 1999 Graece
1760 1963 1890 2000 antlia.

1013 2026 1218 2065 Lucretius
1254 2029 1356 2066 libro
1383 2043 1426 2067 v:
1484 2035 1526 2066 ut
1558 2028 1695 2083 fluvios
1733 2044 1890 2070 versare

1013 2102 1118 2134 rotas
1142 2102 1258 2152 atque
1284 2103 1421 2135 {uestra
1445 2098 1630 2136 videmus.

1066 2165 1277 2204 VETERINA
1311 2167 1490 2205 animalia
1524 2168 1707 2206 dicuntur
1744 2170 1888 2215 omnia,

1016 2248 1099 2286 quae
1121 2236 1264 2274 vehere
1285 2238 1381 2289 quid
1399 2242 1576 2288 possunt.
1614 2237 1822 2276 Lucretius
1843 2247 1886 2277 10

1051 2353 1123 2372 ram
1155 2354 1222 2384 mg.
1255 2343 1290 2374 J.
1322 2343 1433 2375 Neuk.
1483 2345 1639 2376 inscitum
1673 2345 1806 2377 Gceller
1840 2346 1883 2377 ad

1053 2399 1171 2430 Plauti

1052 2453 1141 2497 quod
1174 2460 1295 2485 vestem
1320 2456 1445 2499 spieiat
1470 2456 1646 2499 suppilat-e
1668 2457 1709 2488 L.
1734 2456 1779 2488 A.
1816 2469 1888 2489 me-

1207 2398 1396 2430 Trinumm.
1440 2412 1575 2444 vespere
1615 2406 1647 2431 et
1686 2403 1884 2445 vestipicam

1057 2509 1124 2539 diis
1166 2510 1314 2541 omissis.
1365 2512 1576 2555 vesliplicam
1609 2517 1643 2542 ct
1675 2513 1887 2556 veslispicam

1051 2564 1178 2596 Bothe.
1204 2567 1393 2610 vespertino
1424 2567 1636 2612 vestispicam
1664 2567 1777 2600 Neuk.
1808 2580 1886 2599 non-

1055 2631 1094 2649 ne
1117 2620 1211 2650 vides
1234 2622 1274 2651 ab
1307 2633 1343 2652 eo
1377 2621 1448 2653 dici
1480 2622 1522 2665 ej.
1547 2623 1654 2654 Mero.
1694 2632 1730 2657 30
1754 2629 1803 2653 est
1827 2635 1886 2654 au-

1055 2686 1128 2705 rum
1151 2675 1284 2714 Bothe,
1309 2677 1472 2720 Spengel.

1060 2741 1099 2761 ex
1125 2731 1280 2763 Varrone
1306 2745 1338 2775 p.
1365 2732 1454 2764 252.

1518 2684 1711 2709 osnamenta
1737 2679 1888 2722 Spengel

1014 2796 1093 2828 pag.
1125 2785 1184 2816 15.
1218 2789 1306 2818 alter
1340 2794 1430 2819 amat
1468 2795 1563 2832 potat
1608 2789 1651 2832 cj-
1688 2788 1821 2820 Guliel.
1856 2789 1885 2820 Ῑ.

1061 2841 1120 2872 11.
1146 2842 1247 2884 proh.
1263 2843 1367 2875 Mere-
1397 2854 1428 2878 10
1442 2851 1580 2888 partum
1603 2845 1717 2877 Editt.
1743 2858 1784 2876 ne
1797 2846 1886 2888 [θνη-

1057 2908 1098 2925 ‹uv
1122 2896 1249 2929 homine
1272 2905 1301 2929 el
1328 2901 1374 2932 M.
1400 2901 1561 2932 (licuntur
1578 2902 1610 2932 in
1626 2902 1728 2932 «lubio
1753 2901 1885 2942 Moutp.
