2174 3267
358 194 456 231 1111.
512 192 585 229 DE
614 190 790 229 VARIA
819 189 1283 228 SIGNIFICATIONE
1312 187 1639 227 SERMONUM.

88 302 286 353 proprium
307 299 484 347 futurum
503 300 545 335 in
567 299 658 335 vita.
688 298 800 346 Virga
820 298 888 335 lib.
909 311 968 334 vl:

87 371 250 422 propria
290 369 385 405 haee
418 369 454 405 si
485 369 589 422 dona
624 368 805 418 ficissent.
858 366 969 403 Idem

91 440 156 476 lib.
169 452 231 476 111:
251 438 303 475 da
315 439 531 492 propriam,
550 437 798 487 Thymbraee,
806 437 968 474 domum.

91 508 305 546 Terentius
325 508 365 544 in
381 507 553 544 Andria:
585 521 651 557 eqo
670 508 826 543 deorum
848 508 967 543 vitam

90 575 140 628 (p.
151 573 271 621 562.)
281 583 489 630 propterea
498 578 768 629 sempiternam
784 575 968 619 arbitror,

90 645 205 694 Quod
239 647 455 683 voluntates
490 659 616 682 eorum
648 647 834 699 propriae
859 652 965 682 sunt.

87 716 232 754 Accius
243 717 454 754 Armorum
470 716 616 753 iudicio
631 732 638 752 ε
660 729 745 752 nam
762 729 838 751 non.
850 714 968 766 facile

85 787 169 823 sine
194 787 305 823 deum
336 799 455 839 opera
489 786 661 823 lucmana
688 786 852 837 propria
876 790 968 821 sunt

86 855 198 892 bona.
255 856 365 893 Idem
402 856 563 895 Medea:
611 855 694 906 fors
730 856 967 897 dominatur,

87 939 210 980 neque
231 927 311 962 vita
334 926 405 962 ulli
426 926 590 978 propriu
610 925 660 962 In
681 927 762 962 vita
781 930 847 961 est.
886 924 966 961 Lu-

87 995 200 1032 cilius
216 996 441 1047 Satyrarum
464 995 528 1032 lib.
549 1008 655 1032 xvn:
691 1000 820 1031 cetera
842 999 967 1031 eonte-

87 1065 183 1101 mnit
199 1071 236 1102 et
251 1066 292 1101 in
308 1078 430 1101 usura
447 1066 573 1101 omnia
587 1065 697 1117 ponit
706 1063 794 1099 LVon
810 1076 965 1115 magna:

84 1135 284 1187 proprium
326 1148 415 1170 vero
453 1134 548 1170 nihil
582 1135 768 1170 neminem
807 1132 962 1169 habere.

88 1204 145 1241 M.
173 1204 332 1240 Tullius
367 1204 414 1240 de
451 1203 512 1240 Re
542 1203 701 1253 pubiica
735 1202 799 1238 lib.
821 1216 899 1238 1111:
930 1207 966 1238 et

94 1281 136 1310 10
161 1279 291 1309 noster
316 1273 434 1309 Plato
461 1274 583 1323 mayis
612 1276 726 1308 etium
753 1285 870 1325 quam
887 1270 965 1321 Ly-

87 1355 242 1393 cur-qu&
253 1343 379 1378 omnia
394 1342 463 1396 qui
470 1355 634 1393 prorsus
652 1341 753 1378 iubet
769 1354 852 1378 esse
871 1354 966 1377 eom-

86 1412 232 1455 munia,
252 1426 302 1448 ne
328 1413 413 1466 quis
435 1412 526 1448 civis
541 1412 742 1464 propriam
765 1416 836 1448 aut
856 1423 966 1447 suum

86 1495 165 1518 rem
176 1481 256 1518 ulla.
272 1482 402 1535 quead
413 1482 555 1518 dicere.
574 1481 759 1519 Afranius
770 1481 960 1531 vopisco:

86 1552 144 1588 dii
156 1551 226 1588 tibi
243 1552 336 1588 dent
345 1553 522 1604 propria,
532 1564 795 1604 quaecumque
815 1555 967 1601 exoptes

87 1620 200 1657 bona.
244 1621 419 1658 Lucilius
456 1621 524 1657 lib.
553 1635 686 1657 xxvu:
729 1634 812 1656 cum
849 1621 967 1656 sciam

87 1689 198 1726 Nihil
221 1704 301 1727 esse
326 1692 363 1727 in
395 1692 474 1727 vita
494 1691 696 1743 proprium
718 1689 873 1726 mortali
896 1689 966 1725 da-

87 1765 166 1796 tum
196 1766 265 1796 est.

140 1829 456 1873 PRAEVERTERE,
484 1829 712 1879 praeterire.
743 1828 968 1878 Virg.Ae11.

88 1899 155 1936 lib.
171 1915 181 1936 ι
195 1914 204 1935 1
219 1900 484 1953 volucremque
496 1898 593 1949 fuya
611 1897 877 1949 praevertitur
885 1896 967 1934 He-

87 1969 210 2006 hrum.
243 1969 501 2006 Praevortere
524 1969 663 2004 iterum
687 1967 882 2017 signifieat
901 1982 966 2003 an-

87 2046 294 2090 teponere.
325 2038 487 2075 Plautus
503 2038 768 2089 Amfitryone:
799 2037 888 2074 illuc
906 2050 967 2073 re-

88 2109 281 2146 deundum
309 2114 365 2144 est
386 2108 479 2144 mihi
487 2136 497 2151 ,
517 2107 581 2144 Ne
601 2121 659 2143 me
680 2120 836 2143 uxorem
851 2119 966 2158 prae-

91 2186 136 2215 20
177 2180 338 2214 vertisse
386 2179 520 2214 dicant
568 2190 667 2229 prae
709 2190 754 2213 re
795 2176 963 2228 publiea.

88 2247 326 2292 Praevertit‚
338 2252 510 2284 revocat.
526 2247 691 2283 Plautus
702 2246 965 2298 Amfitryone:

89 2356 180 2397 (pag.
195 2353 302 2391 562.)
327 2356 368 2387 cf.
382 2368 412 2398 p.
426 2354 517 2391 278,
537 2354 599 2386 28.
640 2357 831 2399 voluptates
857 2355 969 2385 Editt.

86 2411 162 2453 fors
186 2412 233 2444 cs.
259 2412 356 2443 Scal.
383 2424 418 2454 p.
442 2411 529 2443 121.
556 2413 622 2443 ulli
646 2413 718 2441 vila
744 2411 838 2442 Scal.
866 2409 968 2453 p.67.

91 2468 161 2497 vitu
188 2468 253 2498 alli
277 2467 354 2500 Gif.
380 2470 437 2500 illi
457 2469 518 2499 W.
543 2469 615 2498 vita
639 2474 688 2498 est
715 2468 781 2498 ulli
797 2479 852 2509 pr.
876 2467 909 2496 in
938 2478 968 2496 υ.

93 2532 125 2557 10
149 2524 246 2566 Lips.
259 2536 312 2566 ep.
327 2536 360 2566 q.
379 2523 492 2561 &24
517 2525 570 2555 nil
597 2524 703 2554 Dusa.
725 2522 832 2553 Turn.
852 2522 920 2559 50,
933 2521 967 2553 9.

89 2590 128 2609 ea
152 2580 244 2620 vulg.
267 2586 300 2611 et
324 2592 411 2611 nune
434 2581 559 2623 populo
582 2580 646 2611 lib.
672 2580 752 2611 vat.
778 2580 881 2610 ullam
909 2578 967 2608 ud-

90 2635 213 2666 diceret
239 2640 316 2667 ante
329 2636 378 2668 Μ.
405 2637 511 2669 ullam
526 2643 624 2680 queat
642 2636 754 2667 dicere
775 2636 852 2666 eod.
870 2634 972 2666 Urbi-

91 2703 163 2723 nas.
190 2691 237 2722 Di
251 2693 313 2724 tibi
324 2692 438 2725 Neuli.
463 2705 678 2738 quaeeunque
695 2704 758 2724 om.
770 2692 865 2724 476.
878 2691 968 2723 485.

92 2747 186 2779 511.
211 2759 283 2778 cum
297 2750 400 2780 sciam
424 2751 466 2781 ef.
481 2750 586 2781 Turn.
606 2749 671 2784 29,
689 2748 726 2781 9.
746 2749 840 2780 Guil.
855 2747 890 2785 2,
905 2748 966 2780 10.

90 2803 208 2834 datum
232 2815 301 2834 esse
324 2800 456 2847 (priore
471 2818 540 2836 esse
558 2801 641 2840 om.)
665 2804 813 2836 J.Guil.
839 2805 968 2835 dutum.

92 2860 217 2891 Praev.
235 2865 282 2890 es!
297 2866 407 2904 praet.
423 2860 560 2904 choth.
584 2873 699 2892 eurum
718 2862 880 2903 Rutgers.
899 2861 968 2892 Ed.

91 2928 127 2952 20
152 2918 282 2960 Heyne.
317 2917 478 2949 inclamat
497 2919 687 2948 Alcumena
711 2919 778 2948 iam
789 2942 796 2948 .
807 2942 813 2948 .
825 2916 930 2959 afficit
943 2940 949 2946 .
963 2940 968 2945 .

1828 188 1917 226 247

1032 298 1084 334 ibi
1097 311 1155 334 me
1179 298 1368 334 inclamar
1393 309 1598 347 armenteri:
1622 300 1701 331 tam
1721 307 1767 332 ea
1782 306 1843 330 res
1857 307 1916 331 me

1029 367 1190 404 horrore
1223 365 1325 416 affit,
1364 364 1487 402 Erilis
1522 365 1736 417 praevertit
1768 369 1916 408 metus,-

1030 448 1214 479 accurro,
1243 441 1285 472 ut
1312 436 1454 476 seium,
1482 434 1579 486 quid
1604 434 1707 470 velit.

1085 505 1352 541 Pnommzna
1379 508 1439 540 est
1462 504 1658 554 polliceri.
1691 503 1800 553 Virg.
1815 502 1916 540 Aen.

1030 574 1098 611 lib.
1122 588 1167 610 11:
1193 574 1357 625 promisi
1385 573 1571 615 ultorem,
1605 578 1642 608 et
1671 571 1795 608 verbis
1824 572 1914 608 odia

1030 657 1173 696 aspera
1197 644 1306 680 movi.
1349 642 1404 680 Μ.
1431 642 1591 678 Tullius
1627 641 1675 677 ad
1707 641 1915 679 Caesarem

1030 714 1221 750 iuniorem
1236 729 1242 748 ε
1270 713 1462 765 promissa
1482 718 1550 748 tua
1566 712 1747 747 memoria
1764 717 1913 748 teneas.

1031 782 1269 820 Promittere
1293 782 1409 819 etiam
1430 781 1621 831 siguificat
1648 780 1696 816 ad
1723 781 1915 830 magnitu-

1032 852 1163 889 dinem
1191 852 1349 888 nutrire.
1378 851 1546 888 Plautus
1563 850 1771 888 Rudente:
1798 851 1916 902 capil-

1030 923 1108 959 lum
1115 924 1352 974 promittam,
1363 923 1544 975 optimum
1564 927 1634 965 est,
1650 921 1917 975 incipiantque

1031 992 1205 1029 ariolari.
1236 992 1345 1042 Virg.
1358 992 1457 1028 Aen.
1483 991 1551 1028 lib.
1567 1005 1630 1027 111:
1648 992 1919 1044 promissaque

1030 1061 1164 1098 barba.

1030 1137 1145 1167 erant
1180 1131 1220 1167 in
1258 1130 1399 1168 Greeia
1433 1144 1540 1167 coma
1570 1131 1786 1182 promissa,
1824 1143 1918 1167 rasa

1226 1061 1351 1099 Varro
1393 1061 1550 1099 Medio:
1604 1062 1709 1115 quod
1743 1067 1824 1098 tum
1868 1069 1914 1098 30

1029 1199 1170 1242 barba,
1194 1199 1320 1251 pallia
1346 1200 1560 1236 trahentes.

1081 1269 1331 1306 PROTELARE
1350 1274 1408 1305 est
1428 1274 1654 1320 pereutere,
1673 1269 1917 1320 perturbare.

1032 1338 1246 1375 Terentius
1270 1339 1309 1374 in
1332 1338 1568 1376 Formione:
1599 1352 1647 1375 ne
1669 1344 1707 1375 te
1729 1336 1917 1389 (p.565.)

1029 1410 1155 1445 iratus
1183 1410 1262 1444 suis
1289 1408 1493 1445 saevidicis
1519 1409 1632 1445 dietis
1645 1410 1824 1460 protelet.
1855 1409 1917 1447 Si-

1031 1492 1151 1515 senna
1164 1478 1431 1515 Historiarum
1456 1478 1523 1515 lib.
1543 1492 1605 1515 111:
1633 1479 1831 1517 Romanos
1848 1480 1917 1516 im-

1027 1554 1120 1601 petu
1148 1561 1217 1585 suo
1245 1550 1463 1602 protelant,
1488 1550 1683 1601 protectus
1707 1563 1917 1600 persecun-

1031 1624 1109 1656 tur.
1141 1620 1351 1656 Prolelare
1366 1632 1499 1655 rursus
1513 1620 1711 1656 adiuvare.
1740 1620 1918 1657 Lucilius

1033 1688 1261 1740 Satyrarum
1280 1689 1349 1725 lib.
1372 1703 1430 1726 vl:
1461 1702 1572 1742 quem
1597 1702 1721 1742 neque
1743 1689 1918 1726 Lucanis

1032 1758 1190 1794 oriundi
1216 1758 1403 1795 montibus
1440 1760 1550 1795 tauri
1581 1759 1737 1796 Ducere
1768 1760 1917 1812 protelo

1031 1827 1171 1863 validis
1192 1828 1403 1864 cervicibus
1425 1835 1597 1881 possent.
1628 1828 1740 1865 Idem
1759 1829 1825 1866 lib.
1839 1843 1918 1866 xu:

1032 1896 1135 1933 hunc
1158 1897 1251 1947 iuqa
1275 1898 1464 1934 mulorum
1487 1898 1636 1951 protelo
1657 1898 1800 1935 ducere
1828 1913 1915 1936 een-

1032 1972 1111 2002 tum
1129 1966 1221 2004 Non
1232 1974 1410 2018 possunt.
1443 1967 1543 2004 Cato
1557 1968 1765 2019 Originum
1786 1969 1854 2006 lib.
1872 1983 1915 2006 v:

1030 2036 1100 2072 sed
1115 2037 1262 2084 protelo
1284 2038 1383 2073 trini
1398 2037 1506 2074 boves
1524 2053 1641 2074 unum
1656 2043 1836 2076 aratrum
1868 2047 1910 2077 10

1032 2105 1185 2142 ducent.
1218 2106 1347 2144 Varro
1374 2106 1489 2151 Cato,
1514 2108 1573 2144 vel
1598 2108 1647 2144 de
1668 2108 1803 2145 liberis
1822 2110 1916 2146 edu-

1031 2176 1186 2212 candis:
1208 2177 1499 2213 remotissimum
1523 2178 1578 2214 ad
1593 2179 1818 2215 discendum
1834 2178 1915 2230 for-

1031 2246 1132 2282 mido
1168 2259 1214 2282 ac
1249 2247 1361 2283 nimis
1395 2247 1508 2283 timor
1540 2253 1577 2285 et
1609 2251 1729 2286 omnis
1760 2254 1917 2300 pertur-

1037 2354 1153 2386 Plaut.
1180 2355 1338 2398 inflamur
1351 2381 1357 2386 .
1376 2356 1466 2398 ,affil
1482 2358 1585 2388 ebelis
1596 2361 1829 2401 praevertitur
1850 2362 1914 2396 XV,

1035 2412 1073 2442 L.
1103 2423 1146 2442 m.
1175 2411 1212 2443 2.
1240 2417 1355 2447 melus.
1381 2414 1474 2443 ocius
1492 2426 1649 2451 orrurro,
1676 2421 1711 2445 nt
1728 2417 1867 2446 sciscam
1890 2441 1914 2446 ,.

1035 2469 1263 2509 occipiamque
1278 2468 1403 2499 Miller.
1428 2469 1642 2513 immissaque
1654 2472 1755 2502 barba
1770 2473 1869 2513 Virg.
1881 2483 1917 2508 30

1035 2523 1161 2564 Eclog.
1176 2522 1288 2559 8,·34.
1306 2525 1465 2556 autAen.
1478 2526 1616 2562 5‚595.
1642 2529 1689 2560 cf.
1715 2540 1748 2570 p.
1767 2528 1859 2566 550,
1878 2528 1914 2560 5.

1035 2580 1095 2622 qni
1120 2581 1351 2619 unu..5:allia
1377 2580 1484 2612 Turn.
1511 2581 1575 2620 28,
1595 2583 1657 2616 15.
1684 2584 1831 2627 Popma.
1857 2587 1917 2630 qui

1037 2642 1105 2665 tum
1119 2659 1127 2666 .
1140 2660 1145 2666 .
1158 2636 1259 2666 bana
1285 2648 1382 2671 rasa,
1414 2639 1543 2676 pallum
1570 2646 1613 2671 ἰν.
1641 2640 1749 2672 Turn.
1769 2640 1833 2677 50,
1853 2641 1916 2675 29.

1031 2693 1219 2734 protelatos
1230 2692 1499 2735 ejMere-Ursin.
1515 2698 1684 2738 proiectos
1707 2695 1918 2740 (pag.565.)

1034 2747 1066 2779 J.
1090 2749 1257 2790 proiectos
1282 2748 1348 2792 ch.
1364 2751 1508 2793 Popnna.
1533 2753 1700 2786 adiaware
1718 2755 1915 2797 prthalm.

1036 2816 1067 2846 p.
1094 2802 1210 2835 1519.
1245 2805 1411 2848 adinqarce
1436 2807 1589 2851 chuiaC.
1614 2809 1693 2841 Nic.
1717 2812 1833 2843 Faber
1858 2825 1914 2855 ap.

1037 2860 1082 2891 Μ.
1109 2860 1139 2890 1.
1175 2861 1569 2896 monlibu’..eerv1'cilm'
1595 2866 1692 2898 Scal.
1717 2879 1798 2910 app.
1826 2868 1914 2911 conj.

1037 2929 1067 2959 p.
1085 2915 1150 2948 72.
1178 2915 1257 2947 Cat.
1275 2916 1408 2959 p.505.
1435 2919 1703 2954 doeendum..ae
1729 2925 1856 2954 nimius
1883 2933 1915 2958 10
