2174 3267
224 222 278 260 ΙΙ.
331 221 406 259 DE
435 218 567 258 HON.
596 219 670 257 ET
700 218 828 259 NOV.
858 221 982 260 VET.
1012 222 1205 260 DICTIS
1234 223 1342 262 PER
1371 221 1668 261 LITTERAS.

37 342 105 367 nos
133 328 309 372 barbari,
337 327 442 381 quod
469 328 690 365 innocentes
720 330 762 365 in
794 329 914 380 gaba-

34 399 112 435 lum
138 396 344 449 setffiqitnzcs
368 397 538 435 homines
550 413 566 442 ,-
602 398 680 435 Vos
716 412 794 435 non
826 399 914 437 bar—

34 468 141 511 bari,
166 467 265 520 quid
286 467 420 504 noxios
441 467 636 505 obvestis?

87 535 306 581 GENIALIS,
336 536 528 587 ospitalis.
558 537 700 575 Santra
722 537 772 573 de
800 537 915 575 Anti-

33 605 183 657 quitate
202 605 410 643 verborum
433 605 502 643 lib.
522 619 585 642 111:
617 605 691 643 scis
716 606 831 650 enim,
849 620 915 657 ye-

32 674 153 711 niales
190 674 360 711 homines
397 674 444 711 ab
484 676 657 730 antiquis
690 676 915 728 appellatos,

33 746 105 798 qui
123 744 178 781 ad
205 744 449 781 invitandum
480 750 517 781 et
544 744 694 795 laryius
714 745 914 797 adparan-

35 821 82 851 20
106 812 196 850 dum
225 813 347 850 cibam
371 815 627 866 promptiores
656 820 797 851 essent.

85 881 312 920 GANGRENA
337 887 397 920 est
422 897 576 920 cancer.
605 882 815 921 Lucretius
843 883 914 921 Sa-

33 956 207 1004 tyrarum
224 951 294 989 lib.
310 966 343 989 ιι
371 965 528 1005 serpere
546 954 606 990 uti
614 966 822 1005 9anqrena
836 967 915 990 ma-

32 1022 68 1058 Io
89 1026 207 1075 atque
218 1021 437 1074 herpestica
450 1027 599 1074 posset.
631 1022 760 1060 Varro
780 1018 916 1073 θπερὶ

32 1087 260 1144 ἕξαγωγῆςε
289 1104 367 1128 non
392 1092 684 1145 vitupermnus3
714 1106 798 1129 cum
818 1093 915 1129 scia-

32 1175 130 1205 muS,
154 1162 297 1199 dictum
314 1162 497 1214 praecidi
509 1168 698 1214 oportere,
722 1163 758 1199 si
769 1162 813 1198 ob
831 1175 916 1198 eam

33 1245 112 1268 rem
125 1243 330 1283 qawiqt⁷etia
351 1246 429 1268 non
454 1233 506 1268 sit
524 1231 580 1268 ad
603 1231 801 1269 bacchium
824 1245 913 1268 ven-

33 1306 139 1338 tura.
190 1301 303 1338 Idem
329 1301 378 1338 de
403 1301 482 1338 vita
506 1300 552 1337 P.
569 1300 618 1338 R.
650 1300 719 1337 lib.
746 1314 810 1337 111:
840 1314 914 1354 quo

30 1370 188 1423 facilius
216 1370 576 1414 animcalvertatur,
600 1383 674 1422 per
698 1382 827 1407 omnes
849 1383 915 1406 ar-

35 1441 170 1478 ticulos
186 1441 322 1494 populi
335 1440 437 1477 lianc
453 1440 547 1477 mali
560 1452 805 1493 gangrenam
824 1452 914 1476 san-

32 1510 299 1563 quinulentam,
323 1509 547 1562 perimasse.

89 1578 268 1625 GENIUM,
293 1579 583 1631 parsimoniam.
627 1578 844 1616 Terentius
871 1579 912 1615 in

40 1657 86 1687 30
106 1649 339 1687 Formione:
368 1662 479 1686 suum
503 1647 725 1700 defrudans
747 1650 916 1701 genium,

37 1719 251 1771 conspersit
285 1719 413 1755 miser.
469 1717 648 1755 Lucilius
694 1716 763 1754 lib.
797 1731 915 1754 xxvlz

36 1793 145 1826 curet
174 1794 397 1840 aegrotum,
432 1792 599 1823 sumtum
628 1787 774 1824 bomini
801 1799 917 1837 prae-

36 1857 138 1903 beat,
159 1859 316 1909 genium
336 1869 448 1893 suum
460 1855 672 1903 Defrudet,
692 1856 749 1893 ali
758 1861 915 1907 parcat.

90 1925 270 1971 GEMIAE,
293 1926 434 1977 gulosi.
473 1925 652 1963 Lucilius
681 1925 783 1963 libro
813 1939 919 1962 xxx:

37 1991 226 2048 (p.118.)
254 1996 318 2032 illo
346 1996 444 2049 quid
460 1994 554 2044 fiat,
583 1994 727 2032 Lamia
747 2000 784 2031 et
809 1994 918 2032 Pitto

36 2067 252 2104 ixiodontes
294 2063 412 2111 Quod
441 2065 615 2108 veniunt,
649 2066 799 2116 yetniae
829 2064 920 2101 illae

36 2136 216 2179 vetulae,
244 2133 450 2188 inprobae,
479 2133 664 2187 ineptae?

90 2204 270 2242 GLUMAM
298 2204 426 2243 Varro
450 2204 672 2241 folliculum
702 2203 814 2255 grani
841 2202 920 2240 fru-

37 2274 205 2313 mentari
229 2274 307 2312 dici
326 2278 456 2325 putat,
477 2275 526 2312 de
543 2274 604 2312 Re
628 2273 777 2312 rustica
800 2272 869 2310 lib.
886 2285 915 2308 1:

35 2358 204 2397 granum
229 2345 396 2389 dictum,
427 2345 532 2397 quod
559 2350 615 2381 est
640 2345 816 2381 intimum
844 2341 917 2378 sol-

38 2452 128 2494 quod
151 2436 305 2483 nocentes
329 2451 410 2494 ch.
437 2451 527 2495 quod
543 2450 773 2482 n.absnlvitis
801 2447 918 2480 1526.

38 2508 76 2540 J.
102 2508 191 2552 quod
206 2521 240 2539 n.
258 2509 412 2539 solvistis
437 2507 520 2550 ch.
551 2508 611 2551 qui
634 2507 752 2538 noxios
777 2503 920 2547 choth.

40 2574 76 2597 20
100 2563 259 2595 Lucilius
292 2568 358 2594 sat.
392 2563 473 2594 edd.
513 2575 547 2606 {J-
572 2563 664 2594 mala
699 2561 836 2604 chusa.
875 2559 920 2590 ad

41 2630 136 2662 quem
147 2619 243 2662 lierp.
256 2619 297 2656 L,
310 2619 383 2650 AJ.
409 2619 556 2662 digitum
565 2630 619 2661 pr.
637 2637 671 2642 -
688 2617 733 2648 ad
747 2615 920 2647 brachium

41 2675 172 2717 chips.
197 2674 243 2705 Μ.
264 2686 454 2718 permeasse
479 2675 558 2705 edd.
591 2674 769 2704 Terentius
792 2684 827 2715 p.
854 2670 920 2707 51,

41 2739 78 2764 30
102 2729 140 2761 9.
166 2729 262 2766 525,
288 2730 323 2762 5.
357 2730 571 2773 defraudans
596 2731 635 2767 L,
660 2733 739 2760 ante
763 2729 797 2760 J.
837 2737 919 2758 corn-

38 2786 149 2829 persit
174 2789 252 2817 ante
277 2787 322 2824 A,
348 2786 396 2818 M.
432 2787 615 2830 comparsit
642 2784 761 2821 1526,
785 2784 821 2816 J.
857 2782 922 2813 alii

40 2846 163 2882 parcat
188 2841 269 2872 edd.
306 2843 371 2874 alii
399 2848 497 2886 paret
532 2842 702 2874 msFabri.
741 2838 923 2883 defraudet

42 2901 122 2928 ante
145 2897 184 2928 J.
233 2896 370 2929 Genua(-
405 2902 483 2929 ante
519 2899 567 2929 M.
617 2897 760 2929 Gmm'ae
793 2894 922 2938 chcal.

44 2947 262 2995 (pag-418.)
290 2954 399 2995 Pytho
435 2955 639 2996 nix-ymlonffes
673 2955 748 2993 Quo
784 2965 816 2984 υ.
840 2952 925 2983 illac

1801 222 1858 262 81

982 331 1091 368 dum:
1117 332 1264 383 glanna,
1286 332 1355 385 qui
1373 337 1429 368 est
1447 330 1639 378 folliculus
1657 331 1759 367 eius:
1783 331 1861 366 ari-

980 405 1066 443 sta,
1094 413 1194 453 quae
1222 406 1265 437 ut
1294 413 1386 437 acus
1414 401 1540 437 tenuis
1567 401 1677 451 longe
1708 399 1859 436 eminet.

1032 467 1227 505 Gemitus.
1263 468 1440 506 Lucilius
1472 469 1541 506 lib.
1572 483 1679 505 xxx:
1707 480 1863 511 curare,

980 538 1084 575 domi
1109 539 1188 574 sint
1212 536 1408 580 Gerdius,
1441 537 1634 581 ancillae,
1662 538 1790 589 pueri,
1817 543 1859 574 10

981 606 1186 651 zonat-ius,
1217 611 1352 642 tector.

1034 674 1316 720 GnAvavm,
1339 674 1530 725 implevit.
1559 673 1756 711 Caecilius
1775 675 1863 712 Tit-

980 750 1041 782 te:
1068 758 1141 797 per
1178 744 1363 794 mysteria
1401 744 1463 782 hic
1499 743 1701 781 inhoneste
1735 745 1864 796 qravi-

982 814 1089 852 davit
1113 814 1269 866 probro.

1034 883 1321 930 GERMANlTUs,
1346 884 1535 929 fideliter,
1562 884 1713 922 dictum
1736 898 1757 921 a
1776 898 1863 936 ger-

981 954 1179 991 manitate.
1209 953 1453 1005 Pomponius
1469 953 1680 991 Praefecto
1696 967 1864 991 morum:

981 1028 1024 1060 ut
1059 1023 1096 1059 si
1127 1024 1212 1077 quis
1251 1028 1307 1060 est
1340 1023 1500 1060 Amicus
1541 1023 1673 1066 amici,
1702 1022 1864 1073 qaudet‚

980 1092 1079 1129 sicut
1110 1094 1181 1146 qui
1209 1091 1300 1129 boni
1319 1091 1490 1134 Evenit,
1530 1093 1596 1129 cui
1625 1093 1769 1128 amicus
1808 1097 1864 1128 est

977 1161 1218 1214 germanitus
1226 1189 1234 1197 .

1033 1229 1304 1274 GENEROSUM,
1333 1229 1468 1267 nobile
1483 1229 1544 1267 vel
1560 1229 1674 1266 forte.
1695 1229 1751 1267 Μ.
1764 1229 1861 1267 Tul-

979 1298 1054 1336 lius
1081 1299 1131 1336 de
1160 1298 1313 1336 Officiis
1342 1299 1412 1336 lib.
1433 1313 1498 1336 111:
1533 1312 1692 1352 cumque
1722 1298 1770 1335 de
1797 1299 1865 1336 im-

975 1370 1084 1421 perio
1105 1373 1301 1406 certamen
1330 1373 1429 1406 esset
1454 1382 1540 1407 cum
1563 1381 1654 1420 rnge
1675 1380 1790 1420 qene-
1817 1376 1863 1405 20

980 1451 1068 1475 roso
1096 1451 1142 1474 ae
1164 1437 1328 1489 potenti.

1034 1507 1297 1552 GRATIOSUM,
1325 1508 1471 1545 multae
1499 1508 1660 1558 gratiae.
1691 1507 1747 1545 Μ.
1766 1506 1865 1543 Tul-

980 1578 1058 1615 lius
1084 1577 1133 1614 de
1158 1576 1312 1614 Officiis
1336 1577 1406 1614 lib.
1424 1591 1491 1614 111:
1523 1579 1594 1631 qui
1615 1583 1713 1614 esset
1738 1582 1781 1613 ut
1799 1589 1866 1614 ar-

979 1647 1187 1699 qentarias
1206 1647 1315 1699 apud
1333 1659 1462 1683 omnes
1478 1647 1633 1683 ordines
1650 1647 1862 1697 ¹qratiosus.

1035 1715 1315 1753 GRA'nFmARE
1329 1745 1340 1762 ,
1367 1720 1519 1766 gratum
1533 1717 1677 1753 faeere.
1699 1715 1755 1753 Μ.
1767 1714 1865 1751 Tul-

981 1785 1057 1823 lius
1105 1785 1146 1822 in
1184 1785 1425 1822 Hortensio:
1475 1798 1600 1837 quare
1636 1785 1866 1836 adffl'edere,

984 1866 1142 1907 quaeso,
1171 1859 1209 1890 et
1234 1852 1466 1906 gratificare
1493 1854 1554 1889 rei
1575 1853 1766 1904 publicae.

1036 1922 1231 1968 GERRAE,
1277 1936 1425 1973 nugae,
1465 1922 1662 1973 ineptiae3
1699 1926 1739 1959 et
1776 1927 1866 1958 sunt

985 2006 1123 2042 gerrae
1152 1992 1315 2037 fascini,
1351 1991 1418 2043 qui
1450 1991 1505 2028 sic
1536 1991 1578 2027 in
1603 1989 1717 2028 Naxo
1740 1991 1866 2028 insula

982 2062 1151 2100 Veneris
1174 2061 1223 2098 ab
1240 2060 1383 2098 incolis
1409 2061 1673 2111 appellantur.
1699 2060 1865 2098 Plautus

984 2131 1184 2169 Asinaria:
1209 2130 1375 2183 gerrae!
1418 2129 1500 2177 Qui
1520 2116 1723 2181 sesperare
1744 2143 1864 2182 appa-

984 2206 1073 2239 rent
1087 2201 1201 2237 liuius
1213 2200 1372 2252 legibus,
1382 2198 1572 2252 profecto.
1591 2199 1723 2236 Idem:
1737 2199 1799 2236 liic
1816 2207 1861 2237 30

985 2271 1135 2314 aderit,
1162 2270 1299 2314 oredo,
1329 2282 1514 2322 conqerro
1545 2282 1674 2315 meus‚·
1707 2273 1750 2306 ut
1771 2283 1862 2307 con-

984 2339 1096 2378 lusor
1118 2353 1242 2385 meus,
1264 2340 1331 2390 qui
1352 2339 1510 2377 easdem
1531 2342 1713 2376 exerceat
1731 2352 1864 2389 nugas.

984 2447 1120 2490 flumine
1144 2445 1275 2488 chcal.
1315 2457 1446 2490 yonnae
1477 2449 1556 2477 ante
1581 2444 1630 2477 M.
1667 2445 1808 2489 fluviae
1832 2444 1862 2487 ej

985 2502 1131 2534 Merula.
1171 2502 1270 2532 illiue
1293 2501 1340 2536 L,
1365 2501 1460 2542 ng.
1499 2500 1664 2544 illepidae
1688 2500 1755 2543 ch.
1785 2500 1863 2543 fru-

984 2558 1161 2588 mentarii.
1176 2557 1344 2589 ‚solidum
1368 2558 1448 2589 edd.
1473 2562 1583 2588 textor
1605 2556 1678 2588 JM.
1699 2557 1804 2600 probo
1830 2566 1863 2591 10

985 2615 1049 2649 VV,
1074 2617 1153 2644 ante
1177 2614 1225 2644 A.
1266 2614 1370 2644 amico
1393 2615 1522 2645 amicus
1545 2613 1580 2645 J.
1619 2613 1709 2643 sicut
1732 2613 1789 2643 cui
1812 2611 1861 2643 M.

985 2671 1016 2701 si
1041 2670 1096 2700 cui
1124 2668 1208 2712 quid
1232 2668 1424 2712 chi'ibner.
1450 2670 1547 2700 cuius
1571 2669 1701 2699 amicas
1724 2672 1803 2699 ante
1826 2668 1862 2699 J.

986 2722 1189 2766 Gratificari
1211 2723 1323 2756 AJM.
1372 2737 1407 2756 re
1426 2731 1564 2769 gratum
1584 2724 1614 2767 [ἶ
1640 2725 1682 2756 L.
1711 2735 1801 2768 effre·
1826 2735 1862 2757 20

986 2781 1063 2812 dere
1087 2783 1166 2811 ante
1182 2781 1232 2812 M.
1258 2782 1319 2824 qui
1334 2782 1388 2812 sin
1404 2781 1507 2813 Naxo
1523 2781 1562 2811 L.
1587 2781 1646 2824 qui
1661 2791 1730 2811 sese
1742 2791 1863 2822 parere

986 2836 1099 2868 AJM.
1133 2837 1309 2878 conqerius
1332 2849 1423 2868 meus
1448 2848 1626 2881 conflerrae
1652 2841 1687 2866 ul
1713 2836 1799 2867 conl.
1826 2845 1861 2869 30

989 2894 1052 2924 W.
1080 2903 1258 2936 conqerrae
1269 2893 1380 2923 omnia
1393 2893 1517 2923 eiusut
1532 2892 1615 2923 conl.
1641 2892 1679 2922 L.
1705 2902 1861 2935 conflet-ro

989 2960 1028 2979 m.
1045 2954 1079 2979 ul
1099 2948 1175 2979 coll.
1206 2946 1320 2979 1526.
1335 2948 1370 2979 J.
1398 2959 1555 2990 conflet-ro
1571 2959 1680 2979 naeres:
1706 2957 1861 2991 conqerro

1442 3002 1492 3038 M
