2174 3267
209 83 297 123 :558

210 207 296 231 cum
321 195 445 246 apud
472 195 579 231 iuxta
607 195 815 246 significet.
845 196 992 234 Aeeius
1012 197 1090 235 Eu-

208 276 362 313 rysace:
393 264 502 314 apud
525 264 647 316 ipsum
678 265 843 302 adistas.
885 266 1093 318 Turpilius

210 332 428 370 Leucadia:
456 335 606 371 utinam
625 349 729 372 nuuc
751 336 862 388 apud
880 337 1006 388 {quem
1021 336 1093 374 ali-

210 415 321 455 quem
347 415 529 453 maslaum
555 404 749 442 adsidam.
780 405 836 443 M.
858 405 1019 444 Tullius
1045 406 1094 444 de

209 470 270 508 Re
297 471 456 522 publiea
482 473 551 511 lib.
578 488 643 511 111:
688 475 796 513 euius
821 478 938 513 etiam
966 475 1095 528 focum

210 540 305 577 Cato
337 541 400 578 ille
426 548 572 588 noster,
604 558 689 581 eum
714 552 876 583 venerat
899 547 956 583 ad
982 559 1023 583 se
1054 547 1096 583 ἰιι

209 608 394 656 Sabinos,
420 618 464 649 ut
491 626 538 650 ex
560 614 642 666 ipso
668 615 946 661 audiebamus,
972 618 1096 654 visere

214 688 259 717 30
286 681 456 726 solebat3
493 684 603 737 apud
627 698 739 738 quem
767 686 904 723 sedens
935 686 999 723 ille
1024 685 1096 723 Sa-

208 751 409 796 mnitium,
450 754 647 806 quondam
678 754 867 799 hostium,
904 760 984 792 tum
1017 758 1096 793 iam

211 821 405 859 clientium
423 836 594 868 suorum,
613 825 719 861 dona
738 825 996 876 releqaverat.
1017 826 1096 863 Ac-

211 890 292 928 eius
313 891 530 930 Diomede:
561 894 699 931 adsum
722 895 830 946 apud
855 901 908 939 te,
930 896 1097 947 yenitmn

212 959 425 999 Sallustius
452 962 492 999 in
512 963 748 1014 Iugurthino
772 965 898 1003 bello:
928 970 1097 1004 ceterum

211 1027 398 1081 (p.525.)
414 1034 524 1085 apud
546 1047 691 1087 aquam
712 1034 858 1085 Syllam
881 1049 966 1073 eum
991 1037 1096 1090 equi-

210 1100 310 1138 tibus
339 1107 487 1139 noctem
513 1104 670 1155 ayitare
696 1104 813 1142 iubet.
871 1105 1011 1157 Apud
1040 1110 1097 1143 et-

210 1172 286 1209 iam
317 1186 390 1224 pro
420 1173 471 1210 in
497 1174 645 1212 dietum
676 1175 917 1220 invenimus,
946 1181 989 1213 ut
1016 1175 1098 1213 Te-

211 1242 362 1280 rentius
396 1243 437 1280 in
472 1242 642 1282 Andria:
688 1245 796 1297 apud
827 1244 958 1296 forum
989 1245 1099 1282 modo

211 1311 254 1348 id
275 1311 388 1349 Dabo
411 1313 564 1350 audibo.
603 1313 659 1351 Μ.
684 1314 842 1352 Tullius
867 1316 916 1353 de
939 1315 1097 1364 Signis:

212 1395 348 1419 cenam
380 1382 447 1420 isti
473 1382 596 1420 dabat
625 1384 735 1437 apud
758 1385 888 1422 villam
920 1387 962 1422 ιἰι
997 1385 1098 1436 Tyn-

213 1451 414 1489 daritano.

265 1521 357 1558 PRo
386 1525 427 1558 et
450 1527 541 1560 ante
565 1522 775 1573 signifieat.
804 1523 915 1575 Virg.
931 1523 1101 1562 lib.vui:

211 1589 342 1628 stabat
375 1605 448 1645 pro
489 1593 652 1645 templo,
694 1598 732 1631 et
769 1593 962 1646 Capitolia
999 1594 1102 1632 celsa

214 1660 383 1698 tenebat.

267 1730 455 1769 Orfitum
490 1738 551 1771 est
588 1733 685 1771 deos
721 1734 908 1785 religiose
942 1740 983 1772 et
1015 1749 1102 1773 eum

214 1815 361 1839 summa
383 1803 640 1841 veneratione
665 1804 866 1842 sacrifieiis
888 1805 1019 1852 litare,
1039 1805 1104 1843 vel

220 1879 263 1910 10
292 1872 505 1911 convivari.
545 1874 793 1926 Pomponius
806 1875 1011 1913 Praecone
1031 1890 1103 1928 po-

217 1943 405 1981 steriore:
435 1944 492 1981 ad
519 1944 686 1982 Veneris
716 1944 893 1998 profectu
919 1951 977 1983 est
991 1959 1104 1984 mane

903 2015 966 2053 Ibi
999 2030 1104 2054 nunc

215 2088 398 2134 operatus
427 2089 496 2122 est.
538 2085 725 2123 Afranius
751 2085 958 2137 Excepto:
983 2085 1103 2138 profi-

217 2152 357 2189 ciscor.-
397 2166 479 2197 res,
509 2158 671 2205 tempus‘,
699 2155 817 2200 locus,
840 2154 964 2194 Simul
985 2157 1105 2194 otium

216 2221 470 2267 hortabatur,
508 2231 552 2261 ut
581 2231 783 2277 operatum
808 2225 923 2264 Illum
946 2226 1105 2265 Dianae

215 2292 389 2343 diget-em
430 2299 607 2332 sanctum
647 2296 759 2333 diem.

215 2013 386 2058 vetulus,
425 2020 553 2052 votum
593 2021 637 2052 ut
665 2015 852 2053 solveret.-

815 2296 929 2334 Idem
964 2297 1005 2334 in
1039 2312 1102 2335 ea-

219 2363 329 2400 dem:
356 2362 464 2400 iubeo
480 2364 669 2403 hominem
690 2367 776 2404 tolli
790 2374 828 2405 et
848 2368 1044 2406 conlocari
1068 2374 1105 2405 et

218 2431 417 2480 confoveri
422 2448 437 2478 ,-
466 2434 568 2472 solvo
594 2448 751 2488 operam
773 2437 944 2476 Dianae.
989 2437 1103 2490 Virg.

220 2553 300 2585 edd.
316 2555 458 2597 praeter
468 2554 515 2588 A.
533 2555 652 2588 adstas
669 2558 717 2589 M.
728 2558 882 2591 adsistas
900 2559 1103 2604 chcrlach.

220 2619 256 2645 30
274 2610 412 2643 Tullius
434 2624 467 2656 p.
485 2610 550 2650 68,
568 2612 628 2645 17.
647 2614 766 2646 sedens
784 2616 898 2648 Saum.
913 2619 991 2650 edd.
1008 2629 1104 2663 prae-

220 2663 268 2711 (p.
289 2664 397 2705 525.)
415 2672 469 2701 ter
489 2670 600 2713 princ.
623 2670 718 2703 modo
734 2684 751 2702 e
769 2672 866 2706 Davo
883 2674 1007 2706 audivi
1023 2675 1105 2707 edd.

220 2725 336 2757 antibo
371 2726 440 2758 XV.
474 2726 503 2758 L
526 2738 568 2758 m.
595 2725 630 2758 2.
668 2727 807 2761 Tullius
840 2742 875 2773 p.
907 2729 1013 2769 278,
1042 2730 1106 2763 21.

223 2790 256 2817 50
272 2793 359 2812 sacr.
381 2783 512 2815 laetare
525 2784 690 2817 msl‘alat.
707 2783 909 2829 prosectu’sl
922 2788 1043 2823 Munk.
1069 2794 1106 2819 ut

219 2838 411 2880 operarium
429 2842 581 2886 chIcrm.
601 2841 724 2875 dierem
739 2843 844 2886 princ.
861 2844 1010 2891 deflerem
1025 2845 1103 2878 cdd.

870 86 1077 128 NONIUS
1105 88 1443 131 MARCELLUS

1159 198 1307 249 Georg.
1336 198 1457 235 lih.1:
1500 199 1588 236 letis
1617 205 1802 252 operatus
1832 199 1874 235 in
1906 198 2042 236 herbis.

1158 267 1336 306 Lucilius
1364 267 1435 305 lib.
1458 283 1565 306 xxx:
1592 275 1663 306 aut
1689 275 1825 322 operat
1852 268 1982 322 aliquo
2003 269 2045 305 ἰη

1159 338 1300 376 celebri
1328 351 1412 375 eum
1441 338 1666 392 aequalibus
1694 338 1805 390 fano.
1996 345 2043 376 20

1213 407 1527 445 SEXAoExAmos
1548 422 1625 446 ran
1647 422 1809 447 ΡοΝΤΕΜ
1830 407 2046 446 mittendos

1161 477 1263 514 male
1305 477 1372 515 diu
1410 477 1658 529 popularitas
1697 478 1917 523 intellexit,
1959 491 2047 514 cum

1162 547 1293 585 Varro
1331 547 1381 584 de
1415 547 1495 584 vita
1520 546 1565 584 P.
1591 546 1643 585 R.
1670 547 1740 585 lih.
1763 563 1804 585 n.
1841 548 2049 602 honestam

1163 631 1318 655 causam
1346 616 1652 669 religiosamque
1678 617 1933 668 patefecerit:
1964 630 2050 654 cum

1162 688 1204 723 iu
1235 688 1414 740 quintum
1440 688 1610 739 gradum
1640 693 1905 738 pervenerant
1929 693 2049 740 atque

1163 755 1357 793 habebant
1396 758 1602 809 sexaginta
1640 770 1788 801 annos,
1830 762 1912 794 tum
1941 756 2049 793 deni-

1164 839 1238 880 que
1272 832 1387 863 eraut
1413 839 1439 863 a
1462 826 1626 879 publicis
1653 827 1816 876 negotiis
1844 825 1957 863 liberi
1989 831 2048 862 at-

1164 910 1239 950 que
1271 898 1391 934 otiosi.
1452 896 1546 933 Ideo
1581 897 1623 933 ἰη
1654 894 1857 947 proverbio
1888 894 2050 947 quidam

1160 972 1306 1019 putant
1336 968 1486 1004 venisse
1513 971 1557 1003 ut
1587 965 1784 1003 diceretur
1791 992 1805 1009 ,
1835 976 2050 1016 sexaqena-

1164 1038 1243 1074 rios
1282 1037 1332 1074 de
1366 1041 1485 1087 ponte
1521 1035 1624 1073 deici
1658 1040 1850 1087 oportere,
1895 1035 1939 1071 id
1980 1040 2052 1078 est,

1165 1107 1270 1161 quod
1299 1106 1532 1158 suffraqium
1559 1119 1638 1143 nou
1662 1103 1813 1156 ferant,
1844 1105 1949 1159 quod
1978 1117 2052 1158 per

1162 1183 1318 1230 pontem
1349 1176 1542 1224 ferebant.
2002 1181 2050 1212 30

1216 1247 1474 1285 Srmcrnmn
1497 1246 1627 1283 dictae
1647 1250 1752 1291 sunt,
1777 1258 1880 1297 quae
1902 1245 1952 1282 de
1973 1245 2050 1281 fer-

1166 1332 1211 1357 ro
1233 1317 1421 1355 candenti
1445 1316 1605 1359 micant,
1633 1329 1721 1352 cum
1745 1327 1872 1352 massa
1896 1314 2051 1351 malleis

1166 1389 1346 1433 cuditur,
1387 1387 1492 1424 unde
1526 1390 1567 1423 et
1592 1386 1705 1422 incus
1737 1389 1799 1422 cst
1823 1384 2051 1435 appellata;

1166 1458 1294 1496 dictae
1320 1461 1472 1501 autem,
1498 1454 1608 1506 quod
1634 1458 1702 1492 aut
1731 1454 1908 1492 strictius
1939 1457 2051 1492 emit-

1166 1531 1321 1572 tantur,
1356 1530 1423 1564 aut
1454 1525 1564 1578 quod
1589 1524 1727 1562 oeulos
1754 1523 1830 1561 ful-
1852 1519 1909 1575 (p.
1932 1521 2051 1568 524.)

1165 1610 1261 1648 gore
1284 1595 1569 1648 perstringant.
1618 1594 1731 1645 Virg.
1753 1592 1822 1630 lib.
1842 1606 1933 1631 vm:
1961 1595 2053 1631 stri-

1167 1673 1301 1705 cturae
1325 1665 1515 1709 Cahbum,
1543 1669 1580 1702 et
1601 1662 1831 1715 fornacibus
1855 1663 1958 1715 ignis
1981 1676 2051 1701 an-

1167 1737 1283 1775 helat.

1220 1806 1445 1844 Pnoxnmm
1480 1804 1667 1842 dicebant
1701 1808 1857 1842 veteres
1882 1817 1962 1841 non
1989 1816 2053 1841 so-

1168 1878 1249 1915 lum
1274 1876 1470 1914 adherens
1497 1879 1537 1912 et
1564 1875 1807 1920 adiunctum,
1836 1887 1973 1912 verum
1995 1877 2052 1911 et-

1168 1948 1246 1986 iam
1262 1947 1384 1998 longe
1403 1949 1612 1991 remotum,
1639 1945 1672 1982 si
1695 1949 1827 1982 tamen
1846 1944 1951 1982 inter
1973 1944 2051 1981 duo

1170 2019 1342 2056 discreta
1367 2015 1464 2054 nihil
1485 2015 1656 2053 medium
1678 2015 1908 2054 exstitisset.
1939 2012 2050 2063 Virg.

1169 2088 1270 2127 Aen.
1289 2087 1358 2125 lib.
1382 2101 1426 2123 v:
1461 2098 1673 2139 proxumus
1701 2085 1813 2128 Ῐιιιίο,
1843 2084 1955 2135 lonqo
1982 2083 2053 2120 sed

1166 2158 1367 2211 proximus
1399 2155 1628 2201 intervallo,
1655 2154 1884 2209 Insequitur
1907 2153 2051 2193 Salius.

1169 2229 1233 2267 Ita
1269 2232 1309 2266 et
1342 2226 1557 2266 Sallustius
1584 2226 1626 2263 in
1654 2225 1733 2263 situ
1756 2224 1880 2262 Ponti
1919 2223 1968 2261 de
2005 2231 2049 2262 10

1169 2297 1454 2351 promunturiis
1499 2295 1803 2348 Paphlagonum
1851 2298 1890 2331 et
1946 2294 2052 2346 quod

1169 2370 1250 2409 triu
1277 2373 1470 2419 metopon
1497 2365 1731 2417 appellavit,
1756 2363 1902 2415 posuit.

1223 2438 1386 2478 Menum
1418 2451 1544 2476 ILLAM
1571 2450 1674 2481 REM,
1711 2434 1907 2473 difficilius
1943 2433 2053 2473 dictu

1168 2561 1267 2604 reliq.
1294 2561 1384 2592 letus
1402 2570 1493 2602 oper.
1515 2558 1584 2593 XV,
1606 2560 1685 2589 ante
1700 2555 1745 2588 A.
1769 2561 1832 2587 aut
1850 2556 2004 2599 operatu’
2016 2554 2051 2588 J.

1169 2623 1230 2650 aut
1256 2621 1396 2660 operata
1418 2614 1620 2658 ejGulielm.
1643 2613 1693 2645 Μ.
1713 2614 1750 2644 in
1768 2624 1836 2645 om.
1862 2613 1935 2650 VV,
1950 2613 1998 2645 Μ.
2017 2623 2054 2648 20

1169 2678 1318 2706 onestam
1330 2673 1369 2705 L.
1391 2673 1429 2704 in
1446 2670 1659 2714 proverbium
1677 2668 1793 2702 1480.
1812 2669 1884 2702 AJ.
1906 2669 2051 2701 Strictu-

1166 2729 1344 2772 νημαι,
1360 2728 1421 2760 11.
1437 2728 1532 2771 mry.
1548 2721 1927 2769 lib.viii.1›.21‚14.(p.
1941 2720 2050 2759 524.)

1170 2788 1256 2827 κριοῦ
1271 2783 1548 2826 μίιωπονΑιῙΜζ.
1566 2795 1718 2815 numeros
1734 2795 1767 2826 p.
1778 2781 1919 2820 555‚2.
1933 2782 2004 2814 nisi
2017 2792 2050 2817 10

1172 2843 1272 2875 verba
1286 2844 1348 2876 W.
1363 2843 1510 2874 alternos
1525 2853 1556 2884 Γ.
1569 2839 1660 2877 499,
1675 2839 1737 2873 28,
1757 2841 1875 2873 turbae
1892 2839 2003 2871 turba·
2015 2849 2050 2873 20
