2174 3267
356 209 456 247 1111.
510 208 584 246 DE
614 207 789 245 VARIA
816 206 1283 246 SIGNIFICATIONE
1314 204 1644 244 SERMONUM.

58 317 179 354 solum
188 329 367 371 umquam
379 315 515 367 fuisse.
540 315 757 366 Consequi,
766 315 946 366 adipisci.

58 386 116 424 M.
136 386 295 424 Tullius
316 385 498 436 Epistola
525 386 576 423 ad
592 385 801 422 Caesarem
821 385 890 422 lib.
911 400 948 422 1:

58 461 152 493 tunc
175 470 259 493 cum
283 468 343 499 ea,
368 468 470 510 quae
491 468 530 492 es
554 454 601 491 ab
620 460 778 492 senatus
801 468 946 493 szmzmo

59 539 144 563 cum
181 526 324 563 honore
365 531 430 562 tuo
473 530 712 563 consecutus.
756 524 868 562 Idem
908 525 946 562 in

58 595 228 634 Verrem
249 595 404 633 actione
425 610 459 632 1:
493 595 600 649 quod
624 607 692 647 eqo
708 608 790 631 meo
815 594 946 631 labore

59 669 97 701 et
142 665 281 716 vigiliis
321 669 546 702 consecutus
578 677 675 702 sum.
729 664 945 715 Consequi‚

60 741 107 771 20
134 735 378 785 exprimere,
409 734 585 771 definire.
625 734 681 772 M.
707 734 867 771 Tullius
897 735 946 771 ad

58 801 287 840 Caesarem:
316 808 488 840 extrema
501 816 591 840 vero
616 816 686 840 nec
707 810 859 858 quanta
877 818 947 842 nec

57 872 192 926 qualia
220 874 313 917 sint,
340 872 466 909 verbis
495 874 681 926 consequi
702 886 870 926 possum.

111 940 354 979 CONSERERE
380 942 529 979 dictum
550 946 610 979 est
628 943 806 980 miscere.
835 943 945 993 Virg.

57 1010 159 1048 Aen.
190 1010 261 1048 lib.
286 1024 336 1047 11:
366 1011 566 1065 multaque
583 1024 657 1063 per
679 1025 833 1048 caecam
860 1026 947 1049 con-

54 1081 184 1130 ¹qressi
200 1081 351 1132 proelia
376 1086 525 1118 noctem
543 1080 802 1119 Conserimus.
841 1081 946 1118 Con-

59 1163 206 1195 serere‚
222 1150 408 1188 inserere.
438 1151 548 1201 Virg.
567 1150 797 1202 Georgicon
816 1151 886 1188 lib.
900 1166 945 1188 11:

58 1220 166 1257 iuvat
193 1219 350 1257 Ismara
377 1220 535 1257 Baccho
565 1219 792 1258 Conserere.

112 1289 371 1334 CoNvssNmE,
400 1294 536 1340 aptum
564 1303 664 1326 esse.
704 1289 760 1327 M.
787 1288 947 1326 Tullius

56 1358 98 1395 iu
131 1359 376 1396 Hortensio:
415 1371 508 1395 nam
554 1358 660 1412 quod
694 1360 862 1402 vereris,
899 1372 949 1395 ne

57 1442 136 1465 non
154 1429 358 1466 conveniat
377 1428 521 1465 nostris
551 1427 744 1465 aetatibus
768 1414 947 1465 istum-a-

57 1499 132 1542 tio,
161 1511 263 1552 quae
293 1504 440 1547 spectet
472 1499 527 1535 ad
558 1498 810 1535 hortandum.
843 1497 947 1535 Con-

58 1568 193 1606 venire
210 1568 406 1618 significat
423 1568 582 1605 obvium
603 1568 701 1605 fieri.
732 1568 949 1606 Terentius

62 1645 107 1675 30
122 1638 162 1674 iu
173 1637 388 1675 Eunucho:
415 1638 580 1675 conveni
600 1638 713 1674 hodie
738 1638 950 1674 adveniens

59 1707 135 1744 mei
143 1707 218 1744 loci
230 1708 424 1761 quendam
439 1712 557 1761 atque
570 1708 717 1744 ordinis
727 1707 946 1745 Hominem.

60 1777 309 1821 Convenire‚
342 1777 489 1814 videre.
518 1776 576 1813 M.
607 1776 768 1813 Tullius
796 1777 845 1813 de
875 1777 948 1814 Se-

59 1851 243 1884 nectute:
271 1859 396 1900 neque
416 1859 506 1882 vero
524 1858 584 1882 eos
605 1846 727 1882 solum
745 1847 949 1883 convenire

60 1916 167 1960 abeo,
178 1909 276 1970 'quos
288 1917 368 1966 ipse
380 1916 550 1965 coqnovi,
563 1915 633 1951 sed
649 1914 732 1950 illos
752 1916 880 1959 etiam,
900 1915 948 1951 de

60 1981 251 2038 (p.271.)
279 1985 416 2039 quibus
438 1985 574 2022 audivi
611 1991 647 2021 et
675 1985 754 2037 leqi
788 1989 824 2021 et
862 1986 942 2036 ipse

60 2055 286 2108 conscripsi.
317 2055 485 2091 Plautus
506 2055 545 2091 in
559 2055 757 2093 Asinaria:
781 2060 947 2091 aetatem

62 2125 174 2162 velim
184 2137 353 2168 servet-e,
364 2124 559 2161 Libanum
578 2130 621 2161 ut
638 2125 860 2161 conveniam
869 2137 944 2160 mo-

59 2195 122 2232 do.
178 2194 430 2239 Convenire‚
468 2194 628 2245 colligi,
667 2194 785 2232 coire.
832 2193 943 2243 Virga

59 2331 139 2370 post
163 2324 256 2363 265,
283 2324 345 2357 12.
377 2327 423 2357 A.
457 2331 585 2355 veteres
609 2336 649 2354 ne
672 2325 718 2355 A.
742 2323 777 2355 J.
818 2329 947 2365 spectat

59 2393 95 2417 3ο
124 2382 242 2414 1511.
256 2383 305 2413 A.
337 2382 477 2412 conveni
504 2382 548 2411 cf.
562 2392 596 2423 p.
615 2379 708 2415 559,
723 2378 759 2410 9.
775 2378 947 2415 5241'7.

59 2439 161 2470 habeo
187 2439 281 2470 Edd.
307 2439 351 2469 cf.
376 2450 410 2481 p.
437 2437 529 2475 276,
561 2438 592 2468 1.
620 2438 721 2467 Asin.
747 2436 810 2467 cfr.
830 2449 861 2478 p.
884 2434 946 2472 72,

61 2491 273 2537 (pag-271.)
303 2493 366 2526 15.
401 2506 536 2525 servm-e
563 2493 606 2525 G.
628 2494 665 2524 L.
701 2493 830 2523 servire
853 2492 945 2522 Edd.

63 2561 125 2584 loe
141 2562 214 2591 p.c.
233 2551 300 2581 Ἦν.
317 2551 359 2581 L.
384 2550 486 2580 debui
509 2550 604 2580 Edd.
631 2560 727 2579 secus
753 2548 792 2578 L.
808 2549 872 2579 ΨΥ.
900 2548 945 2578 Α.

58 2607 95 2638 J.
132 2619 209 2638 ecus
235 2605 281 2637 G.
319 2618 448 2649 aequus
479 2605 658 2648 chopma.
685 2604 792 2634 Turn.
818 2604 944 2634 Faber.

56 2662 247 2705 formosus.
280 2674 418 2693 securus
451 2663 503 2693 vel
536 2661 581 2692 ad
605 2661 821 2691 aedilicium:
853 2672 947 2690 num-

59 2716 135 2754 dus,
156 2724 269 2759 petrus
292 2717 384 2748 Scal.
410 2730 493 2760 app.
519 2716 608 2759 conj.
635 2730 667 2759 p.
696 2714 785 2748 118.
826 2716 946 2746 aedili-

60 2774 147 2804 cium
173 2772 305 2803 modius
329 2774 367 2804 L.
394 2773 439 2805 G.
466 2774 529 2805 W.
553 2773 598 2804 A.
623 2773 771 2814 Popma.
804 2772 839 2803 J·
864 2772 946 2803 Mss.

59 2829 167 2860 Merc-
192 2840 266 2872 aeq.
291 2830 344 2860 vel
368 2830 413 2860 ud
437 2829 637 2861 aedilicium
661 2829 795 2861 modius
825 2828 948 2860 Gifan.

59 2896 117 2927 ap.
144 2885 192 2916 M.
209 2883 244 2915 1.
269 2883 532 2921 Tu1-n.29‚20.
558 2897 687 2929 aequus
712 2886 765 2916 vel
789 2884 835 2916 ud
858 2884 950 2915 aedi-

58 2941 143 2972 lium
168 2940 314 2972 modium
341 2940 497 2983 njFaber.
533 2952 672 2972 securus
696 2942 750 2972 vel
773 2940 819 2971 ad
842 2940 948 2972 aedil.

1807 202 1894 241 185

1009 317 1108 354 Aen.
1134 316 1204 353 lib.
1224 327 1263 352 1:
1291 314 1536 357 conveniunt,
1563 311 1699 367 quibus
1727 316 1796 348 aut
1814 311 1893 347 odi-

1009 400 1071 422 um
1092 386 1249 423 crudele
1274 385 1447 436 tyranni.
1488 383 1543 420 M.
1572 382 1729 419 Tullius
1760 381 1799 418 in
1828 380 1894 417 Fi-

1010 455 1169 507 lippicis
1205 455 1274 492 lib.
1306 468 1371 491 111:
1423 453 1486 490 cui
1520 452 1674 505 quidem
1709 451 1894 488 hodierno

1010 526 1087 569 die,
1110 525 1161 561 P.
1180 525 1222 562 C.
1238 520 1361 571 (nunc
1382 523 1482 560 enim
1499 523 1665 575 primum
1686 523 1742 558 ita
1764 533 1895 557 conve-

1011 589 1173 640 nimus).
1206 593 1444 637 Conveuirc,
1465 595 1657 628 constare.
1681 590 1897 628 Terentius

1012 665 1053 701 in
1072 664 1306 701 Formione:
1344 662 1520 700 convenit
1547 673 1746 703 numerus,
1773 672 1897 714 quan-

1012 740 1092 770 tum
1127 733 1270 770 debuit.

1013 803 1143 840 Varro
1162 802 1303 851 Longe
1330 801 1452 850 fugit,
1478 799 1546 851 qui
1576 812 1667 836 suos
1696 798 1819 848 fug-it:
1854 804 1897 834 10

1318 730 1566 774 Convenire.
1602 729 1767 766 similem
1802 741 1898 765 esse.

1013 872 1117 909 solus
1150 885 1234 915 rex,
1269 871 1372 908 solus
1399 870 1544 912 rhetor,
1570 867 1673 904 solus
1697 866 1900 919 formosus,

1011 941 1141 993 fortis,
1180 953 1289 978 secus
1317 940 1376 977 vel
1405 938 1461 976 ad
1493 937 1709 975 aedilicium
1738 936 1902 979 modius,

1008 1024 1148 1062 purus,
1158 1012 1287 1063 pectis:
1317 1011 1353 1046 si
1369 1009 1424 1045 ad
1445 1008 1518 1045 huc
1541 1007 1772 1044 charactera
1797 1005 1902 1044 Cleo-

1009 1085 1155 1131 pcmtus
1194 1080 1412 1123 conveniet,
1450 1091 1540 1115 cave
1577 1077 1755 1129 attigeris
1784 1076 1901 1113 homi-

1013 1162 1113 1186 nem.
1156 1149 1394 1194 convenire,
1423 1147 1597 1199 placere,
1630 1151 1779 1184 certum
1805 1145 1901 1183 fieri.

1013 1219 1125 1269 Virg.
1162 1218 1232 1256 lib.
1255 1231 1334 1255 xn:
1363 1218 1520 1254 cesserit
1548 1216 1724 1253 Ausonio
1758 1217 1794 1252 si
1820 1214 1903 1265 sors

1012 1288 1177 1324 victoria
1197 1287 1343 1330 Turno,
1360 1285 1559 1329 Convenit,
1572 1283 1763 1321 Euandri
1781 1285 1900 1322 victos

1013 1357 1215 1393 discedere
1241 1357 1295 1392 ad
1320 1355 1464 1392 urbem.
1496 1354 1552 1392 Μ.
1575 1354 1735 1392 Tullius
1763 1354 1811 1392 de
1836 1355 1902 1391 Fi-

1013 1426 1129 1463 nibus
1158 1425 1351 1463 honorum
1381 1429 1420 1462 et
1449 1425 1640 1461 malorum
1671 1423 1740 1461 lib.
1762 1439 1810 1461 v:
1848 1425 1901 1461 υἰ-

1013 1496 1132 1532 vendi
1164 1495 1379 1548 cupiditate
1410 1495 1561 1531 incensi
1590 1507 1718 1530 omnes
1755 1508 1904 1538 smnusg

1014 1571 1133 1620 atque
1158 1565 1228 1602 hoc
1248 1565 1345 1602 mihi
1362 1578 1447 1601 cum
1469 1570 1534 1601 tuo
1553 1563 1683 1615 fratre
1710 1565 1899 1601 convenit.

1016 1635 1256 1678 Convenire,
1282 1634 1553 1686 interpellare.
1592 1632 1650 1670 M.
1675 1633 1833 1670 Tullius
1861 1634 1902 1670 in

1016 1704 1182 1742 Verrem
1205 1705 1362 1742 actione
1391 1704 1586 1741 secunda.-
1616 1717 1693 1740 non
1724 1703 1830 1740 dubi·
1853 1710 1899 1741 20

1014 1780 1086 1818 tat,
1102 1775 1198 1826 quin
1221 1775 1303 1826 ipse
1322 1774 1484 1810 Verrem
1500 1775 1751 1817 convenisset,
1764 1774 1899 1827 aequi-

1014 1849 1096 1880 tate
1121 1856 1282 1887 emesae,
1309 1843 1541 1879 alectoritate
1572 1855 1645 1878 sua
1672 1855 1901 1879 commovere

1013 1914 1203 1950 hominem
1229 1913 1362 1962 possit.
1418 1911 1595 1948 Lucilius
1635 1911 1702 1948 lib.
1731 1925 1899 1948 xxvnn:

1007 1983 1104 2020 haec
1119 1988 1162 2020 tu
1174 1988 1395 2025 conventus,
1411 1981 1490 2018 tela
1510 1981 1740 2035 insidiisque
1761 1981 1896 2018 locavi.

1067 2053 1232 2090 CEDERE
1272 2057 1333 2089 est
1361 2050 1591 2088 verberibus
1627 2051 1786 2088 dedere.
1817 2051 1897 2088 Te-

1012 2123 1164 2160 rentius
1189 2123 1230 2159 in
1250 2121 1421 2159 Andria:
1449 2119 1670 2157 verberibus
1689 2133 1839 2157 caesum
1861 2126 1898 2157 te

1011 2193 1053 2229 in
1078 2193 1302 2243 pistrinum,
1321 2191 1447 2234 Dave,
1469 2189 1622 2227 dedam.
1654 2189 1710 2227 M.
1733 2190 1893 2228 Tullius

1015 2333 1138 2352 rutnans
1163 2321 1260 2363 Lips.
1288 2321 1330 2351 V.
1357 2321 1395 2351 L.
1425 2319 1457 2355 1,
1478 2319 1540 2351 17.
1568 2320 1614 2350 cf.
1642 2317 1806 2361 Schoppe
1831 2317 1895 2349 Ve-

1017 2379 1074 2409 ris.
1101 2377 1143 2414 4,
1170 2376 1231 2408 16.
1266 2389 1300 2420 p.
1320 2376 1412 2407 255.
1448 2377 1645 2419 cleopanlus
1671 2376 1715 2407 G.
1743 2375 1782 2405 L.
1821 2374 1894 2405 deo-

1010 2439 1140 2476 pantus
1164 2434 1230 2465 W.
1246 2433 1291 2465 Β.
1316 2434 1484 2476 cleopater
1507 2432 1663 2463 convenit
1684 2432 1749 2463 Ms.
1774 2430 1896 2461 Fabri.

1016 2489 1198 2521 Cleanthes
1210 2488 1364 2531 chisan.
1375 2486 1895 2531 χαρακτῆραΚλεάνθουςΕᾸῩΟΞΒ.

1013 2545 1125 2576 Arist.
1153 2557 1186 2587 p.
1204 2544 1297 2576 589.
1321 2556 1430 2588 purus
1452 2550 1560 2587 putus
1588 2545 1638 2575 Μ.
1679 2545 1798 2586 paucis
1827 2554 1898 2573 rnu-

1013 2603 1108 2637 tatis,
1134 2602 1249 2631 omnia
1273 2601 1359 2632 bene
1384 2612 1418 2631 sc
1444 2600 1588 2635 habeam
1614 2601 1743 2631 stoicus
1769 2598 1896 2630 descri-

1014 2658 1120 2694 bitur,
1138 2658 1194 2700 qui
1220 2657 1377 2688 omnibus
1394 2657 1543 2687 muneris
1557 2656 1735 2687 absolutus
1751 2656 1894 2686 dieitur.

1014 2726 1142 2758 aequus
1166 2713 1211 2744 ad
1235 2713 1431 2744 aedilicium
1456 2713 1601 2743 modium
1627 2714 1651 2743 i.
1673 2724 1703 2743 e.
1730 2713 1827 2742 cuius
1852 2712 1895 2741 dc

1016 2770 1193 2813 acquitate
1217 2769 1265 2798 nil
1292 2768 1426 2799 detrahi
1460 2771 1585 2810 potest.
1604 2766 1723 2798 Grlch.
1760 2766 1896 2798 cesserit

1017 2827 1063 2857 cf.
1090 2838 1126 2868 p.
1145 2824 1243 2859 250.
1264 2823 1314 2854 25
1343 2828 1376 2855 et
1400 2822 1466 2855 28.
1501 2824 1680 2854 dubitabat
1712 2823 1835 2854 Klotz.
1861 2833 1897 2856 20

1016 2884 1047 2914 si
1073 2884 1144 2924 ipse
1169 2881 1263 2911 Edd.
1301 2879 1355 2910 hic
1380 2885 1448 2910 tum
1484 2880 1594 2911 Dnsa.
1634 2879 1715 2910 hacc
1739 2884 1808 2909 tum
1840 2878 1897 2908 alii

1016 2951 1072 2982 ap.
1100 2938 1206 2969 Dusa.
1233 2937 1286 2966 tui
1311 2947 1401 2967 conv.
1426 2935 1470 2966 A.
1484 2936 1518 2966 J.
1545 2935 1756 2978 insidiasque
1779 2934 1900 2965 locasti

1474 2989 1534 3026 24
