2174 3267
259 196 313 234 11.
369 194 442 232 DE
471 192 602 231 HON.
631 191 705 230 ET
734 189 861 229 NOV.
889 191 1015 230 VET.
1043 189 1235 229 DICTIS
1264 190 1373 230 PER
1400 187 1698 228 LITTERAS.

79 311 123 340 20
190 302 351 340 lmus
392 300 537 338 dieitur
574 302 739 349 egestas
786 297 950 335 Plautus

75 372 322 409 Trinummo:
365 369 436 406 alii
460 368 622 406 exsoluti
648 367 851 412 abierunt,
882 367 953 405 alii

77 440 237 478 emortui
246 455 256 475 .·
286 438 400 482 Hem,
426 451 531 475 nunc
552 438 628 482 hic,
666 436 767 475 cuiu’
796 442 858 481 st,
899 437 949 476 Ut

76 523 101 546 a
123 509 262 546 incitas
291 508 472 545 redactus
498 507 579 545 est!
605 506 717 544 Idem
744 506 947 545 Poenulo:

71 576 243 630 profecto
263 577 318 614 ad
331 578 452 615 incita
473 577 618 615 leonem
641 577 804 629 rediqet,
828 577 864 614 si
883 589 948 614 eas

75 646 295 684 abduxerit.
351 646 528 684 Lucilius
554 646 785 697 Satyrarum
801 646 868 684 lib.
883 661 948 684 111:

73 716 172 752 illud
192 716 246 752 ad
264 717 385 754 incita
405 730 490 754 cum
504 717 620 753 rediit
639 722 757 769 atque
778 717 948 754 interne-

74 786 231 822 cionem.
261 785 374 822 Idem
401 785 470 822 lib.
491 799 566 822 xv:
595 785 746 823 vilicum
772 786 950 837 maqisto-

71 859 215 906 9raten
223 855 516 892 mediastrinum
524 860 641 909 atque
648 854 846 892 bubulcum
851 854 886 892 C
885 869 949 892 on-

74 924 332 961 manducatus
356 925 534 977 conrupit
547 953 558 970 ‚
588 925 642 961 ad
661 925 782 962 incita
801 925 945 974 adegit.

127 993 353 1040 INCERTAT,
382 993 575 1032 incertum
602 994 708 1033 facin
758 993 953 1032 Pacuvius

79 1071 124 1100 30
143 1062 375 1102 Doloreste:
418 1069 477 1100 set
518 1078 567 1101 ne
609 1064 777 1102 incertat
822 1064 952 1107 dictio,

560 1132 725 1171 Plautus
764 1133 950 1184 Epidico:

73 1202 188 1253 lonqa
215 1201 311 1239 Dies
338 1216 461 1239 meum
488 1203 657 1239 incertat
682 1203 870 1239 animum,

75 1145 192 1185 quam
232 1146 313 1170 rem
355 1133 504 1186 expedi.

127 1271 213 1308 Icir
237 1270 431 1321 significat
446 1272 633 1322 percutit,
650 1271 698 1307 al)
722 1272 814 1308 ictu.
834 1271 951 1308 Plau-

76 1344 139 1377 tus
152 1340 420 1378 Truculento:
430 1339 594 1391 frendit,
606 1341 672 1378 icit
684 1340 824 1387 femur.
840 1340 953 1377 Idem

76 1408 158 1461 (p.1
166 1404 256 1455 24.)
266 1410 470 1448 Vidularia
484 1425 492 1447 :
512 1410 568 1448 ibi
576 1415 619 1447 ut
627 1409 823 1463 piscabar,
834 1409 953 1460 fusci·

75 1492 129 1516 na
164 1480 240 1517 vici
274 1479 458 1517 vidulum.
509 1479 705 1518 Pacuvius
743 1481 953 1517 Armorum

76 1549 245 1587 iudicio:
270 1562 361 1586 nam
385 1549 492 1587 canis
514 1550 670 1604 quando
692 1555 749 1586 est
768 1562 956 1602 percussa

76 1619 220 1672 lapide,
246 1633 324 1656 non
351 1625 431 1657 tam
460 1619 565 1656 illum
594 1619 766 1672 adpetit,
802 1617 884 1665 Qui
915 1631 956 1656 se

77 1689 164 1733 icit,
193 1702 308 1743 quam
343 1689 448 1727 illum
484 1702 569 1726 eum
610 1690 732 1738 ipsum
775 1688 955 1740 lapidem,

79 1759 149 1812 qui
168 1758 252 1811 ipsa
277 1760 354 1796 icta
380 1764 449 1802 est,
477 1758 588 1810 petit.
619 1757 805 1795 Afranius
827 1757 953 1794 Simu-

78 1828 242 1865 lantem:
272 1825 444 1879 offendit,
469 1828 582 1878 reqit,
610 1827 767 1878 rumpit,
795 1826 864 1862 icit
887 1839 954 1878 po-

79 1897 176 1935 culo.
208 1896 404 1934 Caecilius
418 1895 696 1934 Demandatis:
725 1897 761 1933 si
776 1907 957 1949 umquam

79 1968 284 2021 quisquam
310 1967 420 2010 vidit,
449 1979 561 2020 quem
581 1965 781 2018 catapulta
801 1970 871 2002 aut
890 1964 956 2001 ba-

78 2037 169 2074 lista
196 2038 319 2073 icerit.
353 2035 562 2073 Lucretius
583 2035 653 2073 lib.
673 2049 737 2072 111:
767 2047 848 2071 esse
872 2035 957 2071 ani-

79 2121 183 2144 mum
205 2121 288 2144 cum
309 2107 436 2143 animo
451 2106 716 2150 coniunctam3
746 2117 859 2158 quae,
876 2117 959 2140 cum

86 2184 129 2214 10
151 2176 273 2214 animi
293 2176 351 2212 vis
374 2175 566 2213 Perculsa
590 2180 668 2219 est,
704 2175 794 2210 exin
822 2186 958 2225 corpus

78 2246 261 2300 propellit
293 2258 312 2282 e
350 2245 430 2282 icit.
493 2244 700 2295 Turpilius
731 2243 961 2281 Demetrio:

81 2330 227 2354 uanam
265 2317 301 2354 si
337 2315 451 2353 ieeris
497 2327 555 2351 me
590 2313 775 2367 posthac,
822 2313 959 2350 credas

81 2426 216 2457 Inaniis
230 2451 237 2458 .
257 2450 263 2457 .
276 2425 405 2456 inaniis
429 2424 614 2468 chyladcs
628 2448 636 2461 ‚
661 2424 735 2457 JM.
763 2429 864 2468 atquc
881 2435 956 2454 ara-

81 2493 117 2516 20
140 2482 213 2513 nois
236 2481 412 2524 chcntin.
429 2482 505 2514 JM.
530 2482 708 2513 exulatum
724 2479 835 2512 AJM.
862 2481 958 2511 cuius

80 2543 141 2573 est,
172 2543 209 2569 ut
233 2538 278 2569 ad
302 2538 411 2570 AJM.
447 2539 595 2569 lenonem
623 2535 740 2568 1526.
774 2536 848 2568 JM.
885 2547 958 2566 cnm

80 2594 169 2626 redit
193 2594 266 2627 JM.
291 2594 384 2625 Idem
407 2607 443 2637 p.
464 2592 552 2631 145,
569 2592 607 2625 6.
633 2592 728 2629 479,
743 2591 779 2624 4.
804 2593 961 2624 villicum

81 2650 330 2682 Aristaei-atem
360 2649 480 2682 1526.
508 2650 584 2682 JM.
622 2649 681 2681 sed
707 2662 757 2680 me
784 2649 852 2692 ch.
869 2649 961 2680 Scal.

83 2715 119 2739 30
133 2706 249 2737 Herm.
274 2707 355 2749 quin
371 2719 437 2737 rem
462 2706 553 2738 Scal.
579 2717 645 2748 qua
662 2718 696 2736 rc
710 2705 823 2737 Scriv.
837 2705 958 2736 Herm.

83 2763 180 2804 (pag.
200 2759 307 2798 124.)
328 2762 356 2805 fl
381 2763 427 2794 ici
452 2764 531 2794 edd.
572 2763 765 2794 Simulante
790 2761 963 2803 chcntin.

83 2819 155 2850 JM.
181 2818 238 2861 off.
260 2818 395 2863 franqit
418 2818 454 2850 J.
479 2818 603 2861 rcqerit
617 2818 669 2850 vel
686 2818 784 2848 reicit
803 2816 964 2859 chothe.

84 2887 153 2906 csse
176 2874 321 2905 animam
344 2874 453 2906 AJM.
478 2875 690 2906 coniunctum
726 2875 789 2911 vv,
815 2877 895 2904 ante
918 2871 965 2904 Α.

90 2940 120 2965 10
144 2930 250 2962 antimi
272 2930 307 2960 vi
330 2930 439 2962 AJM.
474 2935 505 2961 ct
531 2930 591 2961 icit
618 2930 696 2961 edd.
723 2941 799 2961 mtm
826 2930 857 2960 si
883 2930 963 2960 cedd.

1831 187 1890 227 85

1014 298 1108 335 mihi
1122 298 1253 342 velim,
1277 298 1413 352 Inquit
1425 313 1440 342 ‚-
1456 322 1500 327 —
1515 303 1595 334 tum
1616 296 1713 351 quid
1731 309 1862 333 censes
1873 296 1892 332 ‘l

1014 367 1152 405 dolebit
1186 368 1340 405 scilicet.

1016 437 1215 492 quandam
1242 436 1404 485 fulmine
1433 437 1498 473 icit
1523 436 1715 489 Iuppiter.

1386 366 1558 405 Naevius
1593 365 1750 403 Danae:
1793 378 1894 420 quae

1063 507 1292 552 INUNCAm-:‚
1340 506 1451 557 quasi
1489 519 1590 542 unco
1625 506 1813 543 invadere
1857 508 1896 541 et

1013 578 1200 629 arripere.
1227 575 1405 613 Lucilius
1430 574 1499 612 lib.
1514 588 1590 611 xv:
1620 580 1689 612 aut
1705 576 1775 628 qui
1788 588 1896 611 num-

1012 660 1091 685 mos
1118 647 1243 684 tristis
1271 646 1446 682 inuncat.

1064 717 1268 761 INsoLtm5
1298 714 1511 752 insolitum.
1539 713 1727 751 Afranius
1755 712 1896 750 Crimi-

1014 800 1083 823 ne:
1114 785 1314 823 orbitatem
1330 786 1522 822 senectuti
1538 789 1631 821 tuae
1645 784 1787 820 malam
1809 783 1896 820 Me-

1014 857 1091 899 tui,
1124 856 1230 909 quod
1256 855 1299 892 in
1328 854 1449 892 solum
1474 868 1552 891 non
1581 855 1687 891 venit
1716 866 1826 891 caeco
1853 865 1899 890 ac

1015 924 1204 962 demetibi.

1016 995 1120 1050 quod
1145 1008 1236 1031 num
1265 995 1419 1046 ayitur,
1449 994 1490 1030 in
1516 993 1650 1030 solum.
1845 999 1891 1029 20

1274 923 1388 961 Idem
1427 924 1609 975 Virgine:
1648 937 1697 960 ne
1736 925 1899 966 veniret,

1066 1063 1194 1109 ῙΝΙΒΙ,
1222 1077 1294 1115 pro
1324 1064 1380 1100 sic
1407 1067 1446 1100 ct
1466 1076 1568 1100 mox.
1597 1062 1786 1100 Afranius
1810 1061 1898 1099 Ma-

1015 1134 1195 1171 tertcris:
1233 1139 1439 1187 postquam
1475 1146 1516 1170 se
1549 1133 1647 1170 vidit
1682 1131 1787 1170 Inibi
1821 1144 1900 1168 esse

1013 1203 1236 1254 9iynatam,
1258 1202 1463 1254 parvulam
1483 1201 1680 1238 sororibus
1710 1214 1894 1238 commen-

1016 1272 1098 1309 dat.

1015 1341 1109 1378 Non
1135 1354 1241 1385 sum,
1282 1354 1415 1378 verum
1452 1340 1548 1378 inibi
1582 1346 1652 1377 est.

1149 1270 1346 1308 Caecilius
1376 1271 1536 1308 Plocio:
1575 1271 1722 1308 libet-ue
1760 1270 1893 1306 es?-

1702 1339 1900 1377 Pacuvius

1016 1410 1168 1447 Iliona:
1194 1409 1368 1462 profecto
1395 1415 1464 1447 aut
1490 1409 1587 1447 inibi
1607 1414 1685 1453 est,
1718 1414 1797 1446 tam
1824 1409 1902 1446 iam

1015 1481 1222 1533 potiuntur
1249 1479 1438 1531 Frayam.

1071 1549 1247 1594 ΙῡΝοΤΕ,
1279 1548 1321 1586 id
1352 1552 1431 1594 est,
1464 1548 1599 1586 inscie.
1640 1547 1785 1586 Nevius
1820 1546 1901 1600 Ly-

1020 1633 1167 1671 curgo:
1196 1620 1352 1670 ignotae
1381 1620 1488 1656 iteris
1518 1631 1676 1662 svcnzus3
1704 1624 1786 1655 tute
1811 1619 1899 1655 scis.

1070 1688 1251 1733 Immun,
1278 1688 1424 1725 dictum
1452 1701 1526 1739 pro
1568 1688 1769 1726 iniuriose.
1798 1686 1902 1725 Nae-

1018 1758 1104 1796 vius
1128 1756 1334 1809 Lycurgo:
1374 1756 1541 1794 oderunt
1571 1758 1630 1794 dii
1654 1758 1824 1794 homines
1855 1765 1900 1795 30

1019 1827 1219 1863 iniuriose,
1245 1825 1383 1878 Egone
1398 1839 1451 1863 an
1464 1826 1528 1863 ille
1543 1827 1685 1864 im'urie
1704 1826 1869 1878 facimus
1883 1825 1902 1862 ?

1072 1895 1267 1933 hemum„
1289 1899 1350 1932 est
1368 1895 1574 1946 inerepare
1597 1895 1660 1933 vel
1677 1895 1903 1947 inprobare.

1021 1964 1166 2002 Accius
1188 1963 1414 2015 Meleagro:
1444 1965 1531 2019 quis
1557 1965 1644 2005 erit,
1669 1966 1740 2019 qui
1749 1978 1827 2002 non
1845 1977 1903 2002 me

1020 2047 1222 2087 spernens,
1233 2033 1398 2071 iucilans
1414 2033 1580 2087 probriS,
1597 2032 1687 2072 Ser·
1715 2029 1771 2085 (p.
1786 2028 1903 2077 125.)

1021 2117 1131 2141 mone
1154 2103 1387 2141 indecorans
1421 2105 1530 2156 turpi
1558 2102 1666 2154 fama
1692 2101 1900 2155 differret?

1022 2174 1135 2211 Idem
1162 2173 1448 2225 Clytemestra:
1476 2178 1602 2210 matre
1626 2187 1706 2210 meo
1733 2175 1817 2210 iure
1843 2172 1904 2225 fa·

1022 2249 1123 2280 ctum
1148 2243 1308 2287 iucilas,
1328 2245 1541 2296 genitorem
1560 2243 1744 2280 iniustum
1760 2243 1904 2294 adpro-

1022 2313 1104 2350 bas.
1146 2311 1340 2350 Pacuvius
1371 2312 1608 2350 Duloreste:
1648 2313 1686 2349 si
1713 2312 1799 2366 quis
1832 2312 1906 2349 hac

1021 2423 1057 2453 in
1080 2422 1201 2466 equitis
1225 2421 1345 2453 Danae
1384 2422 1425 2453 L.

1481 2421 1649 2466 quondam
1682 2421 1759 2454 JM.

1021 2477 1187 2523 quondam
1213 2478 1377 2522 chergk.
1411 2478 1555 2522 flumine
1585 2479 1654 2509 W.
1690 2489 1729 2509 ac
1759 2476 1904 2508 dementi

1027 2533 1143 2566 1526.
1183 2533 1219 2566 J.
1281 2534 1428 2565 dementi
1466 2534 1530 2565 tibi
1569 2533 1740 2574 chotlie,
1791 2532 1904 2564 Neuk.

1024 2602 1103 2621 num
1128 2601 1194 2620 om.
1220 2590 1267 2627 L,
1293 2591 1341 2623 A.
1662 2601 1751 2621 manc
1774 2589 1845 2621 JM.
1870 2601 1906 2624 20

1806 2433 1826 2463 (Ι
1831 2432 1849 2451 u
1853 2432 1872 2451 α
1876 2434 1906 2452 m,

1387 2602 1452 2622 non
1477 2594 1555 2622 ante
1579 2590 1614 2622 J.

1030 2647 1181 2690 {quotam
1203 2645 1272 2688 ch.
1312 2647 1484 2690 inaratam
1510 2646 1656 2689 cheuk.
1697 2646 1907 2689 obsignatam

1033 2702 1256 2744 chermann.
1280 2703 1422 2734 antium
1446 2702 1633 2745 chipsM.
1659 2703 1822 2746 Ιφιοιιιε.
1837 2726 1844 2732 .
1860 2703 1909 2732 in-

1032 2759 1122 2789 sciae
1145 2756 1256 2789 AJM.
1294 2758 1424 2789 Nevius
1447 2771 1483 2802 p.
1508 2757 1606 2796 485,
1632 2757 1667 2789 G.
1704 2759 1816 2802 ignote
1839 2760 1906 2791 VV.

1033 2814 1063 2845 Ιι.
1080 2814 1228 2845 inim-ios
1252 2814 1423 2857 chcidal.
1448 2816 1580 2847 inintros
1604 2814 1768 2858 chothc.
1792 2816 1853 2859 qui
1875 2824 1911 2849 30

1032 2871 1076 2901 rit
1103 2871 1163 2913 qui
1196 2870 1237 2902 L.
1283 2871 1418 2915 differet
1441 2872 1516 2905 JM.
1558 2877 1664 2902 mater
1689 2867 1781 2914 (pag.
1802 2870 1906 2902 125.)

1031 2926 1172 2967 cjl‘alm.
1215 2933 1349 2959 ›nah-em
1375 2929 1412 2960 ob
1437 2929 1511 2960 iure
1536 2927 1728 2970 chrotius.
1770 2932 1908 2959 matrem
