2174 3267
281 134 371 172 252

277 241 350 292 phi
360 241 469 290 lonqe
479 239 689 292 principes.
714 239 889 278 Lucilius
904 240 974 278 lib.
989 254 1149 279 xxvnn:

280 312 345 347 cui
366 309 430 345 ubi
450 309 697 346 deriminutia
722 322 829 346 meae
851 311 1038 363 epiteqma
1060 324 1150 364 ape-

277 378 370 431 pelli
391 378 501 430 lonqe
533 392 650 430 opera
677 384 769 415 ante
797 379 878 416 alia
908 381 1047 417 omnia.
1088 380 1149 417 Si-

279 461 398 484 senna
423 448 684 486 Historiarum
706 448 771 485 lih.
793 462 872 485 1111:
909 450 1082 501 eqreqias
1114 455 1152 487 et

277 518 388 567 longe
420 518 663 570 praestantis
691 531 737 555 ac
758 519 947 555 timendas
970 519 1151 556 adversa-

277 588 423 624 riorum
445 601 532 640 opes
557 600 648 625 esse.
682 588 893 626 Terentius
919 589 957 625 in
976 588 1148 626 Adelfis:

275 663 313 694 et
345 663 431 694 erat
462 658 593 708 l⁰¹⁸93⁵
632 671 717 694 mea
754 659 906 712 quidem
942 659 1146 694 sententia.

275 726 411 777 Longe
429 727 543 764 etiam
565 727 758 778 signifieat
773 733 836 764 aut
852 727 1040 778 temporis
1057 741 1149 778 pro-

277 805 322 834 20
338 797 543 841 lixitatem,
561 793 620 840 (ut
638 797 748 847 Virg.
760 795 904 847 Georg.
922 796 988 833 lib.
1009 810 1058 833 11:
1080 809 1149 833 nec

272 867 425 917 longum
436 872 596 918 tempuS‚
609 872 646 902 et
664 867 799 916 ingens
814 864 925 903 Exiit
936 866 989 902 ad
1002 866 1148 903 caelum

273 936 391 971 ramis
417 934 591 985 felicibus
622 932 765 978 arbos.)
802 938 869 971 aut
894 935 1010 985 spatii
1033 935 1149 971 aesti-

274 1005 496 1049 mationem,
521 1008 562 1040 ut
586 1003 640 1042 M.
662 1003 820 1041 Tullius
844 1005 883 1040 in
900 1004 1082 1041 Clodium
1108 1008 1149 1041 et

276 1074 503 1111 Curionem:
538 1073 674 1117 credo,
699 1079 903 1128 postquam
925 1074 995 1111 tibi
1015 1086 1147 1126 specu-

270 1144 348 1180 lum
372 1143 532 1181 allatum
556 1148 626 1187 est,
649 1143 760 1194 longe
785 1149 822 1180 et
837 1157 862 1180 a
884 1143 1056 1194 pulchris
1081 1142 1146 1179 ab·

272 1226 353 1250 esse
379 1214 547 1250 sensisti.
591 1213 698 1264 Virg.
733 1213 799 1250 lib.
833 1227 909 1250 111:
946 1214 1057 1264 lonqe
1091 1213 1150 1249 illi

270 1284 346 1321 dea
367 1289 493 1321 mater
514 1284 608 1326 erit,
634 1296 733 1336 quae
757 1282 855 1319 nube
878 1283 1055 1335 fugacem
1072 1282 1145 1319 Fe-

271 1354 400 1391 minea
425 1358 545 1404 tegat.

322 1424 503 1462 Luxunm
526 1427 588 1459 est
607 1426 744 1460 contra
765 1421 956 1473 pudorem
976 1426 1016 1458 et
1030 1434 1145 1472 supra

272 1493 427 1530 modum
454 1492 641 1543 profusio.
671 1492 728 1529 M.
749 1491 909 1529 Tullius
933 1492 983 1529 de
996 1491 1148 1529 Officiis

271 1570 318 1599 30
348 1562 414 1599 lib.
437 1577 466 1599 l:
497 1562 763 1613 intelleqimus,
804 1575 919 1615 quam
954 1574 996 1598 se
1034 1567 1147 1612 turpe

269 1630 443 1682 diffluere
478 1632 658 1675 luxuria,
697 1631 860 1668 delicate
894 1645 942 1667 ae
985 1631 1148 1667 molliter

267 1703 407 1739 vivere.
435 1700 622 1745 Luxuria,
650 1700 924 1751 intempestiva
947 1700 1146 1737 abundan—

269 1772 334 1809 tia.
365 1771 474 1820 Virg.
499 1769 644 1822 Georg.
674 1769 740 1807 lib.
763 1784 797 1807 1:
825 1770 1015 1806 luxuriem
1044 1782 1147 1821 seqe—

268 1847 348 1878 tum
373 1846 509 1878 tenera
536 1840 709 1892 depascit
733 1841 773 1876 in
797 1839 929 1877 herba.
971 1839 1027 1877 M.
1047 1839 1146 1876 Tul-

269 1908 325 1962 (p.
340 1906 461 1955 540.)
506 1909 582 1946 lius
629 1909 679 1946 de
717 1908 890 1947 Oratore
930 1907 997 1945 lib.
1031 1922 1065 1946 1:
1115 1909 1153 1945 ei

268 1993 395 2017 omnes
421 1980 614 2023 luxuries,
643 1980 741 2016 eium
767 1979 853 2015 stilo
882 1977 1141 2031 depascenda.

270 2051 381 2101 Virg.
409 2048 553 2100 Georg.
578 2049 646 2087 lib.
669 2062 701 2085 1:
730 2054 773 2086 at
798 2050 835 2085 si
856 2048 1014 2084 luxuria
1035 2047 1143 2098 folio-

268 2133 354 2156 rum
368 2119 552 2156 exuberat
563 2117 712 2154 umbra.
744 2117 885 2155 Cicero
900 2118 938 2153 in
953 2116 1142 2154 Oratore:

266 2201 461 2240 yernnzare
482 2189 591 2231 vites,
614 2188 722 2224 sitire
745 2200 874 2239 ayros,
895 2187 1020 2224 laetas
1038 2199 1142 2237 seqe-

270 2260 318 2296 tis
331 2286 342 2303 ,
369 2257 569 2295 luxuriosa
593 2257 804 2309 frumenta.

321 2327 488 2372 Laxmx,
525 2327 689 2365 liberum
717 2332 756 2364 et
782 2326 994 2364 remissum.
1034 2325 1143 2377 Virg.

271 2397 370 2435 Aen.
392 2396 460 2433 lib.
480 2412 514 2433 1:
549 2401 586 2433 et
614 2409 788 2449 premere
825 2401 863 2433 et
890 2396 1003 2433 laxas
1028 2396 1145 2433 sciret

269 2501 341 2519 cum
371 2487 519 2519 dederim
550 2488 640 2517 vitae
663 2499 751 2518 meae
773 2488 941 2531 epitayma
968 2487 1089 2530 Apelli
1113 2485 1143 2529 ej

270 2543 429 2576 Gerlach.
453 2555 491 2574 ac
514 2543 650 2574 mendas
674 2544 736 2574 W.
768 2543 962 2573 metuendas
986 2543 1033 2574 M.
1059 2554 1144 2580 opus

268 2611 303 2635 20
327 2612 398 2631 esse
421 2598 468 2631 G.
489 2599 533 2630 B.
558 2600 646 2629 exiet
669 2599 714 2629 ad
737 2600 815 2630 coel.
841 2597 884 2629 Α.
910 2598 971 2629 cfr.
996 2610 1030 2640 p.
1049 2596 1141 2634 502,

270 2655 306 2687 4.
333 2655 495 2687 Cur-onem
520 2656 583 2687 W.
609 2654 760 2688 01:454.
784 2653 848 2685 21.
873 2653 1140 2698 lonqeutapul-

267 2721 304 2746 3ο
328 2710 417 2742 chris
436 2712 564 2742 abesses
583 2711 718 2741 sensisti
732 2710 775 2742 G.
801 2710 1027 2753 intelligemus
1041 2721 1138 2753 quam

267 2769 312 2798 sit
338 2773 451 2809 turpe.
468 2767 557 2797 .Iu.r.
581 2772 612 2796 et
636 2766 700 2797 del.
725 2766 835 2797 Orell.
859 2768 890 2797 ei
914 2766 1019 2797 omnis
1041 2766 1142 2796 luxu-

268 2822 361 2865 (pag.
379 2820 486 2857 540.)
532 2823 601 2852 rim-
625 2828 769 2865 sefletum
799 2823 879 2853 stilo
903 2819 1143 2865 depascentium

269 2880 310 2911 B.
326 2880 392 2911 duo
403 2879 480 2911 loca
494 2879 527 2910 in
541 2889 642 2910 unum
656 2878 807 2909 confusa.
821 2884 850 2908 (Ἰ
866 2890 974 2909 ortnws
987 2877 1142 2908 lawr-ivs

932 131 968 170 N
971 130 1138 172 ONIUS
1165 133 1495 174 MARCELLUS

1217 244 1314 281 dare
1337 245 1462 281 iussus
1485 244 1638 282 abenas.
1668 244 1777 282 [dem
1792 243 1936 294 Georg.
1955 243 2023 281 lib.
2036 257 2082 280 11:

1217 319 1268 356 ee,
1289 327 1372 350 cum
1393 327 1433 349 se
1456 315 1578 351 laetus
1598 315 1653 352 ad
1674 327 1793 351 auras
1813 313 1966 350 Palmes
1990 313 2085 363 agit,

1216 381 1315 438 laxis
1325 395 1543 433 perpurum
1557 385 1743 421 itmnissus
1753 383 1892 421 ahenis.
1923 382 2085 426 Laxum,

1216 464 1293 487 non
1328 456 1552 501 angustum,
1586 453 1654 490 sed
1687 454 1802 504 spatii
1838 452 2006 489 maioris.
2040 460 2082 489 10

1217 519 1325 568 Virg.
1353 518 1498 571 Georg.
1530 521 1596 557 lib.
1619 536 1682 558 111:
1723 528 1761 559 et
1782 523 1945 575 primum
1976 522 2086 558 laxos

1216 590 1327 625 tenui
1341 589 1389 625 cle
1413 590 1551 627 vimine
1575 591 1708 628 circlos
1730 591 1880 628 Cervici
1896 591 2084 628 subnecte.

1215 657 1271 695 M.
1294 658 1451 695 Tullius
1486 660 1534 696 de
1556 659 1706 697 Officiis
1736 661 1799 697 lil).
1826 675 1859 697 1:
1889 667 1925 697 et
1948 661 2085 697 admit-

1214 727 1334 764 tenda
1349 728 1537 766 hominnm
1552 730 1735 783 cuiusque
1748 730 1851 767 modi
1869 731 2085 773 multitudo,

1215 797 1434 835 adhibenda
1462 812 1557 835 cura
1585 805 1642 836 est
1668 800 1854 837 laxitatis.

1266 867 1448 904 Luciam
1470 869 1702 917 significatio
1725 869 1925 905 manifesta
1950 874 2023 913 est,
2044 873 2085 905 ut

1215 940 1282 972 aut
1299 937 1430 986 operis
1454 937 1608 973 locandi
1634 941 1699 973 aut
1721 937 1842 974 fundi.
1860 937 1915 975 M.
1926 937 2085 974 Tullius

1214 1004 1397 1056 Epistola
1424 1006 1471 1043 ad
1496 1006 1703 1044 Caesarem
1732 1007 1798 1044 lib.
1821 1021 1866 1044 11:
1901 1006 1961 1044 vel
1984 1007 2087 1059 quod

1212 1074 1348 1111 locatio
1379 1076 1464 1127 ipsa
1491 1076 1674 1126 pretiosa.
1716 1076 1825 1113 Idem
1854 1077 1893 1113 in
1918 1076 2085 1114 Verrem

1212 1144 1252 1181 in
1286 1144 1574 1182 Frumentaria:
1610 1145 1781 1182 Xenonis
1808 1145 1983 1189 Meneni,
2018 1159 2084 1182 no-

1212 1213 1385 1251 bilissimi
1419 1214 1596 1259 hominis,
1636 1216 1766 1252 uxoris
1811 1214 1957 1265 fundus
1999 1220 2085 1251 erat

1213 1284 1339 1320 colono
1352 1283 1510 1320 locatus.
1526 1283 1692 1327 Locare,
1709 1285 1960 1322 constituere.
1970 1284 2083 1334 Virg.

1146 1386 1148 1388 .
1212 1353 1311 1390 Aen.
1339 1353 1406 1390 lib.
1426 1367 1460 1390 1:
1500 1353 1589 1389 hinc
1617 1353 1698 1390 alta
1731 1353 1877 1390 theatri
1897 1353 2003 1390 Fun-
2034 1361 2080 1390 20

1212 1423 1396 1460 damenta
1423 1423 1552 1459 locant
1580 1423 1659 1459 alii.
1689 1422 1866 1460 Lucilius
1894 1422 1959 1460 lib.
1979 1436 2082 1459 xxx:

1211 1492 1366 1529 virtutis
1390 1491 1483 1528 haec
1519 1497 1609 1529 tuae
1638 1494 1736 1529 artis
1766 1497 2010 1529 monumenta
2029 1491 2082 1527 lo-

1211 1566 1364 1598 cantur.
1408 1560 1584 1606 Lucas-e,
1609 1562 1749 1598 marito
1776 1561 1884 1598 dare.
1921 1560 2085 1598 Plautus

1211 1630 1249 1666 in
1278 1630 1499 1667 Aulularia:
1528 1631 1714 1680 virginem
1740 1629 1860 1666 habeo
1878 1630 2084 1680 ⁸qrandem,

1209 1700 1296 1736 dote
1331 1711 1475 1736 cassam
1504 1704 1622 1752 atque
1651 1698 1885 1736 illocabilem.
1916 1698 2083 1745 Lauare,

1210 1782 1361 1819 parare.
1401 1767 1578 1805 Lucilius
1608 1767 1675 1805 lib.
1705 1781 1848 1805 xxvm:
1876 1768 1972 1806 haec
2003 1775 2082 1806 tum

1208 1842 1412 1875 conventus
1439 1838 1517 1874 tela
1545 1837 1785 1891 insidiaeque
1810 1837 1944 1875 locavi.

1260 1906 1452 1952 Lunum,
1478 1907 1662 1952 hilarum,
1692 1907 1806 1944 sicuti
1833 1908 2082 1946 consuetudi-

1208 1991 1268 2014 ne.
1306 1977 1413 2028 Virg.
1443 1975 1587 2027 Georg.
1612 1976 1679 2013 lib.
1700 1990 1733 2013 1:
1766 1982 1803 2014 et
1820 1977 1946 2014 laetae
1966 1991 2080 2030 peca-

1207 2048 1296 2091 des,
1321 2053 1358 2084 et
1384 2052 1540 2084 ovantes
1560 2052 1718 2098 qutture
1745 2047 1860 2084 corvi.
1901 2047 2079 2091 Laetum,

1207 2117 1326 2154 ferax.
1366 2116 1473 2166 Virg.
1499 2114 1644 2165 Georg.
1669 2116 1736 2153 lib.
1759 2130 1790 2152 1:
1818 2116 1942 2152 laetus
1960 2128 2077 2166 affer:

1205 2186 1309 2222 nullo
1338 2190 1487 2222 tantum
1516 2198 1558 2221 se
1583 2184 1714 2235 [Hysia
1737 2185 1840 2222 cultu
1863 2184 2004 2222 Iactat.
2030 2193 2075 2222 30

1208 2255 1391 2301 Laetum,
1428 2255 1583 2306 pingue.
1621 2255 1729 2306 Vin-g.
1756 2253 1899 2304 Georg.
1937 2254 2004 2291 lib.
2028 2269 2075 2291 n:

1206 2325 1351 2378 ylande
1372 2338 1460 2362 sues
1477 2325 1571 2362 laeti
1589 2325 1763 2361 redeunt.
1793 2324 1971 2369 Laetum,
1991 2339 2076 2375 gra-

1210 2396 1263 2433 tia
1285 2396 1451 2446 plenum.
1480 2395 1587 2445 Virg.
1611 2394 1710 2432 Aen.
1731 2392 1799 2430 lib.
1815 2407 1847 2429 1:
1874 2393 2078 2447 lumenque

1206 2486 1288 2516 stilo
1311 2487 1355 2516 A.
1381 2486 1501 2516 luxmn
1524 2484 1569 2515 cf.
1583 2495 1616 2525 p.
1632 2482 1722 2520 565,
1741 2483 1801 2515 10.
1827 2483 1906 2514 dum
1919 2496 1954 2514 se
1975 2484 2076 2527 Virg-

1205 2554 1245 2573 ae
1265 2554 1317 2584 pr.
1343 2541 1444 2582 Vin-g.
1476 2547 1507 2570 et
1530 2540 1663 2572 adnu‘ll.
1689 2540 1732 2570 cf.
1763 2539 1850 2575 152,
1868 2538 1928 2570 25.
1952 2540 2016 2571 Xe·
2043 2551 2076 2575 ιο

1202 2598 1300 2628 nonis
1326 2595 1515 2627 Klotz.Or.
1540 2596 1713 2627 collocatio
1727 2597 1801 2638 ipsa
1828 2595 1861 2625 b.
1886 2594 1940 2626 lu'c
1953 2597 2026 2627 alta
2038 2607 2075 2631 20

1203 2652 1300 2694 Virg-
1314 2652 1518 2694 virtutisque
1540 2657 1614 2681 luae
1629 2656 1727 2695 alque
1740 2650 1806 2693 ch.
1825 2651 1946 2683 Plaut.
1959 2663 1994 2694 p.
2010 2650 2074 2688 45,

1205 2707 1263 2740 16.
1288 2708 1368 2738 haec
1392 2713 1499 2737 lamen
1523 2718 1548 2736 c.
1575 2707 1619 2737 A.
1634 2707 1668 2737 -Ι.
1704 2706 1758 2737 Ῐιιό
1782 2713 1849 2737 tmn
1876 2708 1966 2750 ng.
2007 2709 2074 2739 tela

1207 2764 1417 2807 insidiasque
1441 2762 1542 2803 Vulg.
1567 2763 1613 2794 cf.
1640 2775 1672 2805 p.
1700 2762 1790 2798 271.
1815 2762 1877 2795 25.
1903 2768 2073 2794 consuetu-

1206 2818 1313 2849 dinem
1331 2821 1393 2855 ἲν,
1404 2818 1442 2848 L.
1453 2830 1493 2848 ln.
1508 2817 1538 2849 1.
1564 2820 1683 2848 namsia
1698 2819 1737 2848 B.
1761 2819 1860 2848 urbm-a
1871 2814 2073 2860 (pag-541.)

1210 2875 1301 2916 Virg.
1327 2873 1416 2905 Cod.
1435 2874 1534 2905 Rom.
1553 2878 1584 2904 ct
1602 2874 1673 2905 alii.
1701 2874 1845 2917 slznnina
1861 2874 1957 2916 Virg.
1982 2874 2070 2916 vulg.
