2174 3267
368 209 472 247 1111.

110 317 231 353 vimus
258 328 419 353 amnem.
460 315 575 352 Idem
598 313 826 365 Georgicon
852 315 919 353 lib.
943 329 990 352 11:

114 394 160 423 30
189 399 306 429 inme,
330 398 405 439 quo
428 398 622 439 quamque
646 385 755 421 modo
780 386 903 438 possis
932 398 992 422 co-

107 468 304 506 gnoscere,
329 455 468 492 dicam.
499 455 555 492 M.
582 454 740 492 Tullius
761 454 801 490 in
817 454 992 492 Horten-

112 525 188 562 sio:
220 524 323 561 unde
349 530 477 561 autem
504 523 675 575 facilius,
704 536 820 578 quam
847 537 892 560 ex
923 537 992 560 au-

111 595 259 631 nalium
282 593 548 637 monumentis,
568 599 639 630 aut
657 592 813 630 bellicae
838 606 898 630 res
923 599 993 630 aut

112 665 232 700 omnis
282 662 428 715 reipub.
478 663 685 713 disciplina
727 663 992 714 cognoscitur?

113 728 304 783 (p.276.)
332 733 443 769 Idem
468 736 508 769 et
531 732 579 768 de
603 732 841 770 Senectute:
869 746 994 787 neque

108 814 198 838 vero
221 815 263 837 eo
288 802 370 853 ipse
396 802 568 853 coqnovi,
596 802 666 838 sed
690 802 771 838 illos
795 803 924 846 etiam,
945 803 994 839 de

110 869 246 925 quibus
261 875 298 907 et
317 871 454 907 audivi
475 876 511 908 et
533 870 611 922 leyi
629 871 761 924 etipse
774 872 993 925 conscripsi.

114 941 380 991 Cognoscere,
407 954 632 989 agnoscere.
663 941 773 992 Virg.
801 942 839 977 in
865 942 992 978 Buco-

110 1010 219 1047 licis:
249 1010 388 1062 incipe,
404 1022 527 1062 parve
540 1023 653 1062 puer,
672 1024 753 1047 risu
768 1024 994 1061 coquoscere

109 1085 282 1117 matrem.
297 1078 354 1115 M.
371 1079 532 1116 Tullius
558 1079 606 1116 de
618 1079 680 1118 Re
700 1080 856 1130 publica
873 1081 940 1117 lib.
957 1094 970 1118 1
986 1097 994 1117 :

113 1162 341 1201 cognoscere
380 1149 614 1194 mehercule,
651 1151 798 1204 inquit,
842 1164 994 1187 cousue-

112 1220 286 1256 tudinem
323 1218 439 1255 istam
477 1225 514 1256 et
550 1219 720 1256 studium
769 1233 995 1256 sermonem-

112 1301 200 1342 que.
244 1287 372 1324 Varro
401 1288 645 1339 Sesqmlixe:
681 1302 829 1333 vereor,
859 1303 907 1325 ne
936 1302 995 1326 me

113 1370 283 1411 quoque,
313 1370 398 1393 cum
431 1358 581 1394 domum
608 1357 656 1393 ab
679 1357 752 1394 Ilio
775 1359 909 1395 cossim
933 1371 994 1395 re-

118 1434 161 1464 10
176 1432 342 1470 vertero,
351 1432 512 1479 praeter
520 1439 650 1463 canem
661 1433 864 1478 coynoscat
876 1440 995 1464 nemo.

165 1495 411 1534 COMPETERE
438 1496 644 1545 significat,
665 1496 772 1548 quod
793 1502 853 1533 est
870 1496 995 1534 hono-

111 1578 193 1604 rem
225 1564 290 1603 vel
317 1566 541 1616 coniugium
571 1566 634 1604 vel
666 1566 820 1618 quidvis
844 1567 995 1618 aliquid

113 1634 303 1672 adversus
332 1636 449 1672 alium
482 1640 642 1687 petere3
669 1636 773 1673 unde
806 1637 996 1688 competi-

115 1709 237 1749 tores,
263 1709 307 1742 ut
331 1718 462 1756 saepe.
512 1705 776 1756 Competere‚
810 1720 882 1756 par
908 1720 994 1744 esse

113 1774 178 1811 vel
206 1773 351 1810 simile:
380 1774 472 1811 inde
497 1778 537 1810 et
560 1775 601 1810 in
627 1775 898 1812 aestimatione
932 1790 994 1813 re-

113 1857 217 1888 rum,
245 1843 321 1880 hoe
351 1843 412 1880 illi
442 1843 644 1894 competit,
672 1843 845 1881 dicimus.
878 1845 993 1882 Com-

113 1918 266 1965 petere,
281 1914 339 1950 rei
355 1913 542 1964 cuiusque
559 1913 796 1959 meminisse,
817 1919 883 1951 aut
902 1928 994 1952 eon-

114 1987 264 2021 stanter
296 1983 440 2021 valere.
485 1983 699 2022 Sallustius
729 1983 995 2021 Historiarum

115 2051 180 2089 lib.
202 2067 236 2089 1:
264 2054 319 2090 sic
347 2059 439 2090 vero
471 2054 588 2106 quasi
614 2052 822 2100 formidine
854 2055 994 2091 attoni-

113 2128 199 2167 tus,
246 2136 371 2177 neque
402 2124 529 2160 animo
573 2136 697 2176 neque
729 2123 887 2173 auribus
923 2130 993 2161 aut

112 2192 249 2245 linqua
276 2198 501 2246 competere.

114 2326 184 2358 AJ.
209 2338 274 2358 non
298 2327 430 2371 refuqis
457 2327 503 2360 G.
529 2329 574 2360 cf.
600 2328 741 2372 p.411‚
761 2327 824 2360 20.
854 2329 994 2360 assIduo

115 2379 208 2425 (pag.
222 2380 329 2420 276.)
354 2384 399 2414 cf.
423 2397 459 2427 p.
480 2383 571 2422 250,
586 2383 621 2416 4.
646 2385 853 2427 disciplinae
872 2386 934 2417 W.
953 2386 993 2416 L.

115 2450 198 2483 quos
219 2440 291 2484 ipse
314 2440 406 2483 ng.
446 2452 550 2485 neque
574 2452 650 2472 vero
674 2452 727 2471 eos
751 2442 858 2473 solum
883 2453 995 2471 convc-

115 2496 189 2526 m’re
215 2508 295 2527 aveo
320 2508 402 2540 quos
424 2497 544 2528 Klotz.
583 2497 705 2541 quibus
729 2497 850 2528 audivi
875 2498 922 2528 id.
948 2509 982 2528 co

113 2563 234 2595 qnosce
258 2565 307 2583 me
331 2551 378 2585 G.
406 2553 442 2583 L.
467 2552 576 2584 hercle
600 2552 691 2584 485.
716 2554 763 2584 A.
789 2565 838 2583 me
862 2553 996 2583 hercule

117 2608 274 2640 cod.Vat.
300 2609 451 2640 studium
464 2610 624 2641 sermonis
642 2610 745 2641 codd.
762 2610 856 2641 Vatt.
869 2621 994 2641 omnes.

116 2662 209 2697 485.
244 2676 358 2696 caesus
382 2666 429 2697 A.
455 2667 571 2697 cessim
595 2666 688 2697 Edd.
723 2672 859 2709 praeter
882 2667 996 2697 album

120 2732 152 2755 10
176 2732 288 2751 canem
312 2723 460 2764 Popma.
503 2728 674 2767 cognoscet
698 2724 765 2754 XV.
796 2723 918 2766 St'flm'f'·
943 2722 997 2754 luo-

116 2789 226 2808 norem
252 2777 294 2807 B.
329 2779 558 2822 competitores
590 2780 703 2822 Comp.
723 2790 790 2822 par
813 2791 994 2810 esse..me-

116 2834 252 2864 minissc
265 2833 336 2864 Sal.
355 2835 546 2879 B.qui‹lvis
569 2836 725 2869 aliudA.
750 2837 808 2867 illi
825 2837 996 2880 connpctitz'

118 2891 182 2921 W.
214 2901 318 2933 neque
340 2892 461 2927 animo,
486 2904 590 2936 neque
614 2893 736 2936 linqua
760 2893 847 2924 satis
871 2904 993 2935 compe-

118 2952 184 2977 tere
208 2946 332 2978 Donat.
358 2949 399 2979 ad
414 2948 494 2979 Ter.
509 2948 578 2980 Ad.
595 2948 629 2981 5.
649 2948 684 2984 2,
704 2948 764 2980 14.
801 2950 992 2980 aunouitus

529 208 603 246 DE
634 208 803 246 VARIA
835 207 1303 247 SIGNIFICATIONE
1332 203 1660 247 SERMONUM.

1853 205 1940 244 189

1181 371 1339 398 mcnuT
1374 372 1452 398 PER
1486 354 1546 397 D.
1582 368 1806 397 uri-mmu-

1106 456 1309 494 DAMNARE
1333 460 1393 492 est
1405 456 1545 492 damno
1563 456 1745 500 adficere,
1766 455 1871 492 unde
1889 462 1936 492 20

1057 530 1097 562 et
1125 525 1387 562 condemnare
1413 525 1561 562 dictum
1588 530 1659 562 est.
1678 524 1712 562 E
1740 525 1938 561 contrario

1057 594 1165 630 nullo
1189 594 1331 631 damno
1359 594 1570 637 adfectum.
1593 594 1829 638 indemnem,
1846 607 1940 644 pro-

1056 664 1202 701 bamus.
1243 664 1439 701 Damnare
1475 668 1535 700 est
1571 662 1823 700 exheredare.
1861 664 1940 701 Lu-

1057 734 1170 770 cilius
1196 734 1425 784 Satyrarum
1457 732 1525 769 lib.
1549 744 1612 769 XI:
1644 731 1800 769 Cassius
1817 732 1941 770 Gaius

1054 803 1115 840 hic
1141 803 1359 854 operarius,
1388 815 1500 856 quem
1517 801 1742 853 Cefalonem
1766 801 1941 838 Dicimus

1055 878 1251 916 sectorem,
1260 872 1513 925 cmriumque,
1532 871 1635 908 hunc
1659 870 1807 908 Tullius
1830 884 1942 924 quem

1055 942 1180 980 Index
1215 941 1392 978 heredem
1425 940 1542 991 facit,
1583 946 1620 977 et
1653 941 1833 977 damnati
1875 940 1947 977 alii

1056 1024 1197 1048 omnes.
1228 1012 1438 1056 Damnare,
1457 1011 1692 1048 necessitate
1710 1010 1940 1061 constringi.

1059 1081 1272 1118 Terentius
1290 1082 1330 1118 in
1347 1082 1575 1118 Formione:
1599 1087 1690 1118 tuus
1703 1086 1760 1118 est
1777 1081 1941 1117 damna-

1058 1155 1119 1186 tus
1134 1156 1264 1194 viatus,
1283 1164 1359 1187 non
1375 1157 1431 1187 tu.
1461 1151 1659 1188 Damnare
1683 1155 1743 1187 est
1763 1155 1802 1187 et
1826 1150 1943 1186 morti

1058 1218 1163 1255 darc.
1205 1219 1317 1269 Virg.
1352 1220 1450 1256 Aen.
1486 1220 1553 1256 lib.
1582 1235 1655 1256 uu:
1686 1220 1855 1256 nondum
1886 1220 1945 1256 illi

1052 1287 1197 1340 flavum
1210 1288 1455 1341 Proserpina
1470 1290 1612 1325 vertice
1630 1289 1774 1325 crinem
1790 1289 1870 1325 Ab-
1894 1297 1939 1327 30

1057 1357 1243 1401 stulerat,
1279 1356 1482 1412 Stigyioque
1523 1364 1640 1412 caput
1684 1359 1943 1396 danmaverat

1059 1426 1175 1463 Orco.
1210 1426 1354 1464 Accius
1380 1427 1587 1465 Armorum
1621 1428 1790 1466 iudicio:
1820 1430 1944 1465 maior

1059 1497 1132 1533 erit
1153 1497 1298 1540 luctus,
1335 1510 1419 1533 eum
1452 1510 1511 1534 me
1534 1498 1763 1534 darnnatum
1794 1499 1941 1535 audiet.

1058 1565 1113 1604 Μ.
1148 1566 1305 1603 Tullius
1336 1566 1377 1603 in
1401 1566 1567 1604 Verrem
1603 1567 1757 1604 actione
1781 1582 1814 1605 1:
1855 1581 1944 1605 reus

1058 1637 1099 1673 in
1123 1636 1306 1673 iudicium
1329 1635 1516 1673 abductus
1542 1642 1598 1673 est
1623 1636 1719 1673 Ver·
1750 1633 1805 1688 (p.
1822 1632 1942 1683 277.)

1058 1718 1136 1749 νος,
1160 1705 1269 1742 homo
1291 1706 1374 1743 vita
1397 1712 1515 1760 atque
1533 1706 1650 1754 factis
1675 1708 1840 1744 omnium
1861 1708 1939 1745 iam

1059 1775 1236 1827 opinione
1270 1776 1495 1813 damnatus.
1545 1776 1741 1813 Damnare
1776 1781 1815 1814 et
1850 1790 1941 1813 con-

1059 1844 1242 1882 demnare
1277 1858 1349 1895 pro
1380 1844 1550 1882 liberare
1575 1846 1745 1896 positum
1771 1851 1841 1883 est.
1872 1846 1944 1883 Ti-

1058 1914 1177 1951 tinius
1203 1913 1410 1951 Veliterna
1427 1929 1435 1950 ε
1476 1913 1647 1965 fortasse
1663 1920 1790 1952 votum
1804 1915 1942 1968 fuisse,

1059 1996 1132 2037 quo
1154 1983 1217 2020 die
1239 1983 1334 2021 liber
1361 1983 1481 2035 foret,
1503 1983 1618 2021 Nunc
1643 1985 1724 2021 eius
1752 1987 1831 2023 voti
1855 1999 1943 2023 con-

1059 2053 1263 2091 demnatus
1287 2058 1367 2099 cst,
1392 2054 1598 2091 immolavit
1619 2055 1797 2092 hostiam.
1828 2056 1941 2107 Virg.

1057 2122 1126 2160 lib.
1147 2138 1223 2160 xn:
1266 2137 1377 2178 quem
1409 2124 1566 2161 damnet
1601 2124 1732 2169 labor,
1765 2130 1836 2162 aut
1866 2138 1940 2179 quo

1057 2199 1192 2245 verqat
1206 2193 1380 2246 pondere
1393 2194 1522 2231 letum.
1555 2194 1764 2246 Turpilius
1782 2194 1824 2232 in
1839 2194 1942 2233 Leu-

1059 2329 1297 2361 W.damnare
1312 2330 1400 2362 malo
1417 2330 1574 2362 addicere
1591 2331 1658 2362 W.
1675 2331 1847 2376 operariu’
1863 2356 1869 2364 .
1887 2357 1893 2364 .
1906 2342 1943 2366 20

1060 2385 1428 2430 dicimu’..f'uremque
1457 2386 1545 2418 hunc
1573 2387 1701 2419 Tulliu’
1733 2387 1870 2431 quidam
1909 2388 1939 2431 ej

1061 2441 1190 2483 Scalig.
1215 2443 1259 2473 ad
1282 2442 1401 2474 Manil.
1428 2442 1469 2473 V.
1507 2443 1645 2475 Tullius
1670 2444 1807 2488 quidam
1833 2444 1943 2475 Iudex

1061 2498 1166 2529 Dusa.
1206 2498 1343 2530 Tullius
1367 2500 1490 2543 quidni
1513 2500 1625 2531 Iudex
1650 2501 1741 2543 ng.
1778 2506 1942 2532 sea-torem

1061 2555 1127 2586 W.
1176 2553 1283 2597 facit:
1318 2561 1355 2586 at
1387 2555 1541 2587 damnati
1576 2556 1700 2599 chcal.
1740 2556 1944 2588 exheredare

1061 2611 1236 2641 Lucilius.-
1274 2610 1362 2642 Jmnc
1387 2613 1512 2644 tullius
1541 2625 1636 2657 quem
1660 2613 1765 2644 index
1789 2613 1940 2645 heredem

1057 2666 1159 2709 facil,
1178 2672 1211 2697 et
1234 2666 1389 2699 darmtati
1411 2670 1476 2700 alii
1499 2681 1608 2700 omncs
1632 2669 1665 2700 b.
1708 2669 1790 2701 add.
1823 2675 1874 2700 est
1898 2669 1938 2702 C.

1066 2724 1187 2753 Verres
1211 2722 1334 2754 Klotz.
1368 2730 1481 2756 notum
1503 2730 1581 2756 ante
1604 2726 1711 2758 Mel-c.
1730 2721 1821 2768 (pag.
1836 2722 1942 2761 277.)

1062 2779 1106 2810 cf.
1132 2780 1242 2811 Palm.
1278 2782 1364 2823 spic.
1390 2782 1510 2814 Herm.
1537 2782 1608 2826 Op.
1635 2783 1679 2815 V.
1708 2795 1740 2825 p.
1759 2782 1849 2814 275.
1888 2794 1941 2814 vo-

1060 2841 1127 2868 tum
1146 2847 1219 2867 eum
1233 2836 1357 2879 fecisse
1380 2837 1490 2869 Neuk.
1515 2844 1627 2870 votum
1640 2839 1764 2882 fecisse
1790 2840 1940 2871 Palmer.

1059 2892 1221 2934 Schoppe
1249 2893 1360 2925 Veris.
1390 2894 1430 2932 1,
1458 2893 1515 2927 16.
1541 2896 1591 2926 sic
1614 2908 1644 2927 v.
1666 2896 1730 2939 fec.
1754 2896 1879 2928 Bothe.
1904 2895 1942 2927 id

1059 2961 1088 2979 η.
1112 2948 1139 2991 f·
1166 2949 1277 2982 Bothe
1299 2949 1333 2981 2.
1375 2952 1655 2983 condemnatu'st:
1691 2954 1777 2984 imm.
1814 2952 1939 2985 Bothe.
