2174 3267
382 159 479 197 1111.

119 263 287 316 frigyidus
304 268 340 300 et
356 263 458 300 silvis
469 263 596 316 aquilo
611 261 776 298 decussit
799 262 991 300 honorem.

124 333 175 370 Et
185 333 250 370 lib.
262 348 274 369 l
284 349 293 369 :
304 333 504 384 lumenque
515 331 691 368 iuventae
699 331 944 384 Purpureum
958 336 995 367 et

121 402 240 439 laetos
251 402 364 438 oculis
375 400 531 451 afflarat
538 401 708 437 honores,
727 400 880 444 Honor,
905 399 992 436 sub-

123 471 276 514 stantia,
293 470 513 507 delectatio.
537 469 647 519 Virff.
666 467 812 518 Georg.
830 468 896 504 lib.
910 481 991 505 1111:

122 553 169 575 en
180 539 293 575 etiam
305 539 406 575 hunc
421 540 543 590 ipsum
565 538 669 574 vitae
689 537 859 574 mortalis
877 537 992 573 hono-

127 616 168 646 10
179 620 267 644 rem.
279 608 433 651 Honor,
442 608 605 650 cultura,
616 606 871 644 observantia.
884 606 991 656 virg.

119 676 187 713 lib.
199 690 266 712 vlu
280 691 289 711 :
309 689 457 728 semper
473 676 614 712 honore
633 688 725 718 meo,
737 688 885 727 semper
897 676 990 712 cele-

117 745 275 782 brabere
293 745 412 782 donis.
444 745 596 789 Honor,
611 744 827 795 integritas,
842 745 991 794 pudici-

117 815 183 851 tia.
204 814 420 865 Virg.Aeu.
443 813 556 850 lih.1:
577 819 613 850 et
633 815 740 866 rapti
757 813 990 863 Ganymedis

117 883 291 920 honores.
358 884 521 928 Honor,
555 883 805 928 sacrificium,
849 883 988 920 litatio.

119 953 229 1003 Virg.
247 953 314 989 lib.
330 966 417 990 vnn:
442 952 545 1003 forte
566 953 629 990 die
649 953 827 990 sollemne
841 952 902 989 illo
921 965 990 989 rex

118 1021 247 1059 Arcas
272 1022 450 1059 honorem
481 1021 814 1072 Amfittyoniadae
852 1035 989 1073 magno

117 1092 290 1145 divisque
328 1091 492 1142 serebat.
549 1091 717 1129 Plautus
763 1091 987 1128 Aulularia:

117 1166 155 1197 et
185 1161 299 1215 quide
326 1162 507 1197 maiorem
538 1159 658 1209 silium
688 1160 793 1196 Mihi
810 1160 988 1196 honorem

115 1229 268 1273 habere,
291 1242 406 1282 quam
426 1230 507 1265 eius
530 1229 723 1265 habuisset
743 1234 871 1281 pater.
902 1229 987 1266 Ho-

116 1311 202 1343 nos,
230 1299 410 1343 dilectus,
437 1311 554 1335 amor.
591 1298 700 1347 Virg.
727 1297 791 1334 lib.
811 1313 887 1334 xu:
915 1311 988 1348 per

114 1369 151 1404 si
172 1369 258 1421 quis
284 1369 452 1404 Amatae
481 1368 622 1418 Tangit
653 1368 770 1404 honos
802 1369 983 1404 animum.

118 1445 163 1474 20
191 1438 353 1482 Honor,
381 1437 521 1475 hostia.
561 1438 672 1487 Virg.
702 1438 802 1474 Aen.
829 1437 896 1474 lib.
922 1451 984 1473 111:

114 1508 265 1544 meritos
298 1507 379 1543 aris
404 1507 596 1544 mactabat
615 1507 789 1544 honores.
833 1507 985 1551 Honor,

114 1576 337 1627 praemium.
373 1576 483 1627 Virg.
508 1576 575 1613 lib.
592 1589 636 1612 v:
664 1577 757 1628 ipsis
777 1576 986 1627 praecipue

725 1645 898 1682 Lucilius
918 1645 984 1681 lib.

115 1727 217 1750 xxx:
244 1714 351 1750 cuius
377 1714 483 1750 vultu
507 1727 553 1750 ac
575 1713 698 1765 facie,
728 1714 817 1750 ludo
838 1727 883 1750 ac
905 1727 984 1749 ser-

113 1644 330 1681 ductoribus
366 1645 477 1682 addit
508 1645 682 1682 honores.

112 1782 283 1819 monibus
315 1783 458 1820 nostris
498 1783 539 1819 V
535 1782 671 1835 iryinis
712 1783 779 1819 hoc
806 1783 984 1834 pretium,

113 1858 230 1905 atque
257 1853 357 1888 hunc
389 1851 641 1888 reddebamus
671 1852 861 1888 honorem.
903 1851 984 1887 Ho-

114 1934 200 1965 nor,
221 1921 433 1971 sepultura.
471 1921 580 1970 Virg.
608 1920 674 1957 lib.
700 1935 761 1957 vi:
789 1922 911 1957 cernit
938 1920 989 1956 ibi

112 1996 248 2027 mestos
277 1995 314 2027 et
339 1992 470 2027 mortis
494 1991 636 2027 honore
661 1992 840 2028 carentis.
870 1990 985 2028 Luci-

114 2060 189 2096 lius
222 2059 290 2096 lib.
312 2073 440 2096 xxvn:
489 2060 593 2096 nullo
628 2060 769 2096 honore
809 2060 986 2111 displetu,

116 2136 161 2166 30
191 2129 295 2165 nullo
322 2128 475 2180 ficnere.

254 2253 408 2280 INCIPIT
444 2253 518 2279 PER
553 2236 588 2279 I.
624 2252 846 2279 LITTERAM.

164 2339 356 2375 INvl'rARE
393 2344 564 2389 apertam
610 2338 727 2375 habet
769 2339 986 2389 significan-

115 2408 217 2444 tiam.
248 2407 356 2457 Virg.
383 2408 448 2444 lib.
465 2422 507 2445 v:
536 2409 652 2445 celeri
670 2414 820 2445 certare
843 2411 986 2457 saqitta

115 2496 324 2540 (pag.520.)
351 2506 427 2529 tunc
443 2499 533 2541 ng.
553 2501 596 2531 cf.
612 2512 645 2542 p.
658 2499 749 2536 270,
769 2499 826 2531 lG.
852 2501 982 2531 lubente

119 2566 150 2588 ιο
175 2556 212 2586 L.
254 2555 372 2598 ecquid
403 2557 556 2586 maiorem
586 2556 691 2598 filius
719 2556 801 2586 mihi
829 2556 980 2587 honorem

115 2621 150 2643 20
174 2610 303 2641 haberet
342 2611 442 2653 Vulg.
482 2612 641 2642 nunciavit
676 2613 772 2653 Virg.
814 2613 978 2642 mactabat

115 2666 265 2697 Macrob-
284 2664 320 2703 4,
340 2666 367 2696 l.
392 2667 547 2698 Lucilius
573 2669 618 2698 cl'.
633 2666 724 2703 566,
742 2668 777 2698 9.
803 2667 981 2697 reddamus

114 2720 203 2752 485.
222 2723 264 2752 Α.
290 2722 395 2753 Dusa.
430 2723 590 2766 displetu’
616 2724 719 2754 Dus-a.
746 2722 885 2766 defletus
911 2723 979 2765 eja!-

113 2777 260 2820 dtffletus
271 2776 400 2819 chrut.
410 2779 580 2820 {lispretus
592 2780 645 2811 vel
655 2779 830 2822 desprctus
844 2779 981 2810 Paulus.

112 2830 321 2874 (pag.59.1.)
346 2833 413 2863 inv.
436 2846 456 2864 α
479 2835 647 2866 nobiscum
675 2837 737 2867 W.
780 2834 871 2865 haud
899 2835 979 2865 inst.

116 2898 147 2922 ¹0
173 2888 310 2931 chusa.
351 2888 499 2921 rethraat
524 2891 589 2922 W.
629 2897 813 2934 ouquenta,
837 2903 980 2922 mensam

533 157 605 195 DE
634 156 805 195 VARIA
836 156 1300 195 SIGNIFICATIONE
1334 157 1657 196 SERMONUM.

1840 157 1928 195 219

1059 263 1246 305 Invitant,
1270 265 1338 318 qui
1356 264 1458 315 forte
1480 265 1610 309 velint,
1626 270 1661 302 et
1669 265 1846 317 praemia
1860 278 1928 315 po-

1059 334 1130 370 nit.
1163 333 1373 370 Terentius
1399 334 1620 371 Heautont:
1656 348 1770 388 qucim
1799 334 1929 370 vellem

1059 402 1327 439 Menedemum
1355 402 1558 439 invitatum
1577 408 1619 439 ut
1648 417 1713 439 no-
1743 399 1928 453 (p.521.)

1058 470 1198 507 hiscum
1238 476 1348 513 esset,
1390 471 1565 523 amplius.
1610 470 1665 508 M.
1698 471 1855 508 Tullius
1889 471 1930 508 in

1058 539 1221 577 Verrem
1242 540 1394 576 actione
1412 555 1462 575 ll:
1492 545 1603 590 roqat
1616 539 1820 597 Rubriaut,
1836 553 1930 594 quos

1058 611 1095 646 ei
1116 609 1345 646 commodum
1367 610 1452 652 siet,
1476 609 1621 646 invitet.
1662 607 1835 646 Lucilius
1861 609 1930 647 lib.

1057 692 1137 715 xxx
1150 694 1160 714 .·
1181 683 1316 714 contra
1334 677 1427 714 haec
1447 678 1627 714 invitasse
1642 683 1711 714 aut
1726 679 1930 728 instigasse

1290 747 1345 783 M.
1368 747 1524 784 Tullius
1548 747 1595 783 de
1615 747 1847 784 Senectute.-
1877 747 1932 783 ad

1056 830 1166 870 quem
1186 816 1394 866 'fruendum
1417 830 1494 853 non
1519 817 1626 853 modo
1650 816 1843 860 retardat,
1867 828 1928 853 ve-

1055 747 1248 784 videntur.

1056 900 1139 922 rum
1154 887 1266 922 etiam
1281 887 1419 923 invitat
1438 892 1554 939 atque
1570 885 1724 923 allectat
1738 884 1926 923 senectus.

1056 955 1218 992 Invitari
1232 959 1292 991 est
1308 954 1508 991 delectari.
1537 952 1799 1005 Virg.Georg.
1815 953 1929 991 lih.1:

1055 1025 1193 1061 invitat
1210 1024 1372 1076 genialis
1393 1023 1509 1060 hiems
1536 1036 1725 1078 curasque
1746 1024 1861 1060 resol-
1883 1030 1926 1061 10

1061 1095 1127 1130 vit.
1173 1093 1376 1143 Turpilius
1393 1093 1695 1144 Trasj‘lconem:
1731 1092 1928 1136 horonaim

1054 1176 1234 1205 mensum,
1248 1162 1360 1205 talos,
1374 1163 1485 1198 vinus
1504 1163 1544 1197 in
1566 1161 1661 1198 haec
1681 1161 1792 1198 huius
1814 1162 1928 1206 modi,

1056 1231 1202 1279 Quibus
1218 1230 1331 1267 rebus
1353 1231 1668 1267 vitammnattum
1689 1230 1851 1267 invitari
1870 1244 1929 1267 so-

1054 1302 1137 1338 lem.
1156 1300 1264 1337 Idem
1291 1299 1517 1350 Filopatro:
1548 1299 1656 1336 lucus
1683 1301 1762 1351 ipse
1790 1300 1930 1338 invitat

1051 1370 1177 1406 hercle
1188 1370 1249 1405 hic
1265 1369 1441 1406 Veneris.
1455 1368 1511 1405 M.
1525 1368 1682 1406 Tullius
1697 1369 1734 1405 in
1752 1369 1926 1406 Horten-

1054 1440 1131 1477 sio:
1160 1440 1373 1475 voluntates
1402 1443 1528 1475 autem
1557 1438 1665 1475 nullu
1691 1438 1746 1475 ad
1769 1451 1832 1474 res
1859 1451 1926 1475 ne-

1053 1509 1241 1546 cessarias
1272 1509 1522 1544 invitamenta
1555 1505 1725 1560 afferunt
1758 1506 1923 1544 senibus.

1052 1578 1162 1615 Idem
1187 1578 1234 1614 de
1256 1577 1316 1615 Re
1338 1577 1520 1628 publica:
1549 1577 1664 1630 idque
1676 1579 1761 1630 ipsa
1778 1582 1925 1613 natura

1050 1660 1128 1684 non
1151 1648 1334 1684 invitaret
1353 1647 1494 1691 solum,
1528 1647 1598 1684 sed
1618 1648 1732 1683 etium
1759 1651 1922 1698 cogeret.

1051 1717 1222 1754 Invitare
1248 1716 1440 1767 siguificat
1458 1716 1618 1766 repleri.
1646 1715 1809 1753 Plautus
1831 1715 1924 1752 Am-

1050 1786 1235 1836 fitryone:
1264 1787 1461 1829 rnirum9si
1474 1786 1651 1822 invitavit
1668 1798 1750 1821 sese
1773 1787 1813 1822 in
1829 1797 1926 1822 cena

1047 1855 1274 1907 plusculam.
1305 1854 1501 1891 Lucilius:
1517 1854 1677 1907 pulchre
1697 1855 1853 1891 invitati
1876 1862 1921 1892 20

1051 1925 1270 1978 acceptique
1289 1923 1463 1975 benique.
1496 1923 1702 1973 Turpilius
1715 1923 1922 1974 Epiclero:

1051 2008 1127 2030 non
1143 1994 1280 2030 invitat
1294 1992 1508 2044 plusculum
1525 2005 1621 2036 sese,
1634 1998 1675 2028 ut
1688 1993 1794 2029 solet.
1813 1992 1924 2029 Idem

1050 2063 1263 2100 Leucadia:
1304 2062 1482 2099 invitavit
1505 2061 1718 2114 plusculum
1747 2062 1809 2099 hic
1843 2074 1925 2099 sese

1049 2133 1090 2169 in
1109 2131 1291 2185 prandio.
1334 2132 1544 2169 Sallustius
1568 2131 1831 2168 Historiarum
1854 2132 1922 2169 lib.

1051 2215 1131 2239 1111:
1161 2206 1198 2237 et
1220 2201 1324 2237 versi
1347 2205 1499 2250 postero
1520 2201 1596 2244 die,
1617 2200 1808 2254 niultoque
1833 2214 1921 2254 pro-

1047 2274 1229 2324 perantes
1259 2270 1512 2306 deseruerant
1544 2270 1585 2305 in
1620 2266 1774 2313 castris,
1801 2270 1919 2312 nacti,

1050 2354 1134 2377 cum
1155 2352 1196 2375 se
1224 2338 1276 2375 ibi
1297 2338 1373 2375 cibo
1402 2339 1565 2393 vinoque
1585 2339 1682 2376 laeti
1701 2340 1921 2376 invitarent.

1047 2408 1221 2446 Lucilius
1242 2407 1311 2446 lib.
1327 2422 1424 2444 xxx:
1452 2407 1531 2444 cibo
1548 2407 1640 2444 bene
1655 2409 1753 2445 enim
1771 2408 1920 2459 lonqin-

1046 2499 1176 2541 chips.
1202 2510 1255 2541 ep.
1282 2511 1335 2542 qu.
1360 2498 1396 2536 5,

1044 2556 1168 2586 Faber.
1203 2553 1325 2585 honera
1349 2557 1392 2586 A.
1427 2567 1527 2586 onera
1556 2556 1589 2587 J.
1609 2567 1760 2586 coronam
1785 2555 1833 2586 M.
1870 2555 1919 2586 υἰ-

1428 2498 1487 2530 12.
1529 2499 1696 2535 Venerem,
1724 2511 1863 2530 mensem
1888 2497 1918 2542 cj

1044 2623 1121 2641 num
1146 2615 1177 2640 et
1203 2610 1283 2641 haec
1299 2611 1416 2642 eiusm.
1435 2611 1592 2655 chaber.
1621 2613 1733 2643 vinum
1748 2636 1754 2647 ‚
1779 2611 1858 2642 haec
1885 2610 1918 2642 h.

1043 2678 1084 2696 m.
1101 2666 1140 2704 Q.
1159 2678 1186 2697 r.
1211 2667 1282 2696 vita
1304 2673 1473 2698 ninantum
1499 2669 1522 2698 i.
1544 2668 1628 2699 solet
1653 2667 1781 2710 chiPS.
1808 2667 1916 2698 Merc-

1047 2723 1117 2752 vita
1130 2727 1262 2751 conatur
1276 2727 1343 2752 tum
1356 2722 1380 2753 i.
1391 2723 1535 2754 solemus
1549 2722 1707 2766 chaher.
1719 2724 1811 2755 locus
1822 2723 1862 2753 B.
1878 2723 1916 2753 L.

1044 2778 1138 2808 A..l.
1166 2778 1263 2807 lucus
1283 2778 1372 2818 ng.
1407 2780 1599 2822 voluptates
1635 2779 1740 2820 Vulg.
1776 2778 1918 2809 invitati

1039 2845 1154 2864 suenus
1167 2833 1357 2875 acceptique
1371 2832 1533 2875 chDusa.
1561 2835 1723 2865 invitavit
1749 2835 1818 2864 m'ri
1838 2835 1915 2877 plu—

1044 2900 1089 2920 sc.
1107 2888 1160 2920 hic
1177 2889 1223 2920 G.
1235 2889 1280 2920 B.
1306 2888 1377 2920 heri
1391 2891 1441 2932 pl.
1455 2889 1597 2932 ejssoth.
1624 2893 1748 2921 reversi
1762 2890 1861 2931 Vulg.
1880 2901 1916 2924 2⁰
