2174 3267
272 150 300 187 8
905 143 1111 182 NONIUS
1141 142 1473 182 MARCELLUS

274 257 341 293 lib.
361 271 404 294 v:
436 262 472 292 et
493 267 613 307 glenus
637 267 756 299 omne,
778 255 879 308 quod
902 260 958 291 est
977 255 1144 291 veterino

271 326 414 362 semine
449 322 709 377 parturiendi.
768 322 899 359 Idem:
939 328 1037 359 torte
1081 323 1143 358 ho-

272 395 371 430 mine
395 392 563 429 veterino
593 391 734 427 semine
759 404 932 445 quornm.

326 462 515 498 CREPERA
551 474 613 497 res
640 461 802 512 proprie
833 460 977 497 (licitur
1004 459 1143 504 dubia3

274 530 377 567 unde
400 534 439 567 et
462 530 733 581 crepusculum
755 530 899 567 dieitur
923 529 992 566 lux
1014 529 1143 572 dubia,

276 604 316 636 et
334 612 447 636 senes
473 598 665 650 decrepiti
693 599 813 644 dieti,
845 599 884 635 in
911 598 1030 635 dubio
1056 598 1143 636 vilae

275 668 490 705 constituti.
545 668 761 719 Creperum
779 667 926 705 bellum
942 681 1085 718 anceps
1105 672 1144 704 et

276 737 447 775 dubium.
500 736 706 775 Lucretius
736 737 803 774 lib.
837 748 879 774 v:
929 742 1142 790 exceqnata-

272 820 346 861 qne
365 812 456 843 sunt
471 807 620 859 creperi
643 806 852 843 certamina
872 805 969 842 belli.
1000 805 1142 842 Accius

276 884 321 912 20
345 876 377 912 F
382 876 550 913 oenissis:
579 889 663 930 (μαι)
691 887 757 927 eqo
781 879 918 911 cuneta
939 887 1018 911 esse
1032 874 1142 927 [laxa

931 944 1042 981 Idem
1061 944 1140 980 Te-

273 1016 372 1052 lefo:
402 1028 504 1052 nzww
541 1020 583 1051 tn
613 1015 654 1050 in
684 1027 726 1050 re
758 1026 917 1066 crepera
945 1018 1014 1050 tua
1048 1012 1144 1066 qnid

274 946 315 982 in
345 959 428 982 mea
452 959 494 982 re
513 958 673 998 crepera
699 944 873 997 comperi.

275 1084 406 1136 capias
439 1083 606 1127 consilii,
649 1083 746 1120 vide.
801 1081 975 1121 Lucilius
1011 1082 1140 1133 Satyr.

273 1152 340 1190 lib.
367 1167 410 1189 v:

273 1234 452 1265 ma’rore,
494 1221 671 1258 Tristitia
712 1222 753 1256 in
795 1233 938 1256 snnnno
981 1233 1140 1272 crepera

462 1157 633 1189 sannunt
674 1152 760 1188 solis
796 1152 889 1188 mihi
926 1152 968 1187 in
1004 1164 1141 1203 vna-qno

277 1292 454 1328 inventas
483 1291 631 1327 salutis.
688 1290 880 1328 Pacuvius
907 1290 1137 1327 Duloreste:

272 1374 350 1397 non
383 1365 483 1409 vetet
513 1361 679 1396 animum
721 1360 985 1411 (egritudinem
1023 1360 1063 1395 in
1097 1373 1141 1395 re

279 1438 324 1466 30
340 1441 499 1482 crepera
520 1427 679 1478 confici?
708 1428 871 1465 Plautus
886 1429 926 1464 in
935 1428 1117 1465 Asinaria
1132 1444 1140 1464 :

275 1500 342 1553 qui
364 1498 514 1552 quidem
545 1511 627 1534 eam
646 1496 726 1546 filio
750 1497 886 1534 Potest
908 1510 1048 1541 unam,
1084 1503 1141 1534 at-

274 1581 347 1622 que
381 1580 497 1603 unam
531 1567 689 1603 amicam
728 1567 886 1602 ductitet
925 1566 1140 1619 decrepitus

274 1634 329 1688 (p.
347 1633 431 1682 14.)
451 1649 578 1673 senex.
608 1636 733 1673 Varro
750 1634 973 1686 Mysteriis:
997 1635 1141 1687 prisca,

272 1706 435 1742 horrida
465 1706 577 1742 silent
602 1717 670 1740 ora
690 1704 786 1740 clam
821 1716 980 1755 crepera
1008 1705 1049 1740 in
1078 1717 1141 1740 ne-

273 1774 452 1811 moribus.

324 1843 515 1881 Avnmws
535 1842 642 1879 lacus
662 1841 809 1877 idcirco
828 1839 1047 1890 appellatus
1070 1844 1143 1885 est,

275 1913 365 1965 quia
389 1916 450 1949 est
470 1912 568 1949 odor
590 1911 670 1947 eius
698 1909 832 1947 avibus
852 1909 1142 1946 infestissimus:

274 1982 386 2019 huius
430 1982 488 2019 rei
527 1981 795 2018 manifestator
834 1983 894 2016 est
934 1978 1141 2016 Lucretius

274 2051 345 2088 lib.
370 2065 413 2088 v:
449 2050 655 2103 principio,
682 2050 786 2103 quod
813 2049 975 2085 Averna
1005 2062 1141 2086 vocan-

275 2126 341 2157 tur
361 2120 525 2163 nomine,
545 2119 587 2155 id
604 2132 629 2155 a
648 2132 689 2154 re
713 2119 933 2171 Impositum
958 2124 1026 2163 est,
1051 2119 1142 2173 qnia

273 2194 365 2226 snut
389 2188 518 2224 avibus
545 2188 742 2224 contraria
769 2188 924 2224 eunetis.
963 2187 1075 2225 Unde
1106 2194 1144 2226 et

1211 254 1341 300 fauces
1362 267 1481 305 yram
1508 253 1644 289 olentis
1665 252 1827 293 Averni,
1865 250 2016 286 'I'ollunt
2041 262 2080 286 se

1212 322 1358 359 celeris.
1418 323 1467 359 Et
1498 326 1635 372 postca
1667 321 1705 357 in
1740 334 1786 357 eo
1818 319 1936 357 libro:
1966 332 2080 372 quam

1210 405 1326 444 saper
1351 392 1457 428 haud
1479 392 1562 428 nlla:
1581 396 1760 444 poterant
1785 391 1926 442 inpune
1951 389 2079 425 volan-

1210 467 1266 497 tes
1287 461 1460 498 Tendere
1481 461 1553 497 iter
1570 460 1729 513 pennis3
1758 459 1847 495 talis
1865 470 1946 494 sese
1962 458 2076 494 [ditus

1211 531 1308 566 atris
1326 529 1519 566 Faucibus
1535 528 1733 581 effundens
1758 539 1901 579 supera
1921 527 1975 563 ad
1993 540 2078 564 eon-

1210 612 1307 635 vexa
1329 598 1489 645 serebat.

1262 667 1508 703 Vnumxris
1543 672 1695 703 veteres
1728 665 1941 714 gaudentes
1971 662 2077 700 (lixe-

1209 740 1314 781 runt,
1341 736 1484 773 dictum
1501 750 1521 772 a
1547 735 1657 772 bonae
1686 735 1771 772 vitae
1795 731 2074 770 comm0d0:20

1211 805 1347 849 sicuti,
1379 805 1445 856 qui
1475 819 1574 841 uunc
1607 809 1666 841 est
1694 804 1734 840 in
1757 816 1899 840 summa
1928 801 2077 844 laetitia,

1210 874 1341 912 vivere
1365 888 1452 911 eum
1476 874 1648 911 dicimus,
1703 871 1858 909 Naevius
1873 870 2076 922 Lycurgo:

1210 949 1253 980 ut
1284 944 1326 979 in
1362 948 1504 979 venata
1546 941 1746 978 vitalantis
1780 954 1826 977 ex
1855 940 1936 976 sais
1964 939 2078 976 Locis

1209 1024 1278 1048 nos
1306 1012 1462 1048 mittant
1487 1011 1621 1063 poenis
1648 1009 1849 1046 decoratus
1871 1008 1980 1055 feris.

1263 1082 1471 1120 Exi-omns
1511 1080 1653 1117 dicitur
1690 1084 1799 1116 extra
1838 1083 1979 1116 terram
2016 1077 2078 1115 vel

1211 1158 1319 1190 extra
1342 1150 1539 1188 terminos.
1569 1149 1713 1186 Accius
1732 1148 1950 1199 Eurysace:
1976 1160 2079 1184 nunc

1205 1235 1277 1275 per
1311 1226 1436 1257 terras
1473 1231 1616 1270 vassus5
1650 1218 1814 1254 extorris
1837 1230 1975 1268 reqno,
2017 1230 2078 1253 ex-

1208 1289 1383 1327 turbatus
1435 1288 1547 1324 mari.
1628 1287 1831 1338 Turpilius
1881 1286 2076 1323 Lemniis:

1208 1372 1331 1413 neque
1357 1358 1502 1394 durare
1523 1361 1704 1408 possunt3
1735 1355 1927 1393 itaHuius
1955 1356 2012 1392 in-
2030 1363 2075 1392 30

1207 1428 1368 1466 seientia
1390 1432 1505 1479 atque
1531 1425 1722 1462 clementia
1748 1430 1934 1461 extorrem
1965 1423 2075 1475 facit.

1209 1496 1418 1535 Sallustius
1448 1496 1486 1531 in
1526 1494 1757 1545 Iugurthino
1793 1494 1920 1531 hello:
1965 1493 2081 1529 sicuti

1206 1567 1358 1610 videtis,
1384 1571 1571 1601 extorrem
1592 1564 1750 1616 patria,
1785 1564 1905 1607 domo,
1930 1564 2078 1616 inopem

1208 1642 1244 1673 et
1258 1640 1471 1688 coopertum
1485 1633 1646 1669 miseriis
1662 1630 1794 1684 effecit.
1814 1632 1903 1670 Vir·
1921 1629 1975 1683 (p.
1991 1627 2076 1675 15.)

1208 1705 1323 1755 gilius
1336 1703 1526 1740 xEueidos
1545 1702 1613 1738 lib.
1636 1703 1692 1739 iv:
1729 1701 1871 1750 sinibus
1902 1702 2079 1744 extorris,

1207 1778 1408 1825 conspecta
1431 1772 1585 1807 avulsus
1598 1771 1699 1808 Iuli.

1258 1842 1400 1879 Emom
1422 1841 1615 1890 significat
1643 1839 1829 1891 explaua3
1860 1843 1899 1876 et
1917 1853 2001 1891 quae
2029 1839 2079 1877 sit

1206 1911 1453 1962 proprietas,
1489 1909 1735 1946 manifestum
1774 1913 1858 1950 est,
1894 1908 1970 1945 hoc
2005 1913 2076 1953 est,

1205 1980 1319 2017 nodis
1360 1978 1530 2016 exsolve.
1591 1978 1737 2015 Accius
1772 1977 1993 2028 Eurysace:
2034 1983 2077 2014 ta

1207 2055 1344 2093 autem,
1365 2048 1468 2103 quod
1484 2061 1611 2102 qmero
1634 2047 1699 2083 abs
1719 2052 1768 2090 te,
1796 2046 1918 2084 enoda
1942 2053 1993 2091 et,
2010 2048 2079 2101 qui

1206 2120 1273 2163 sis,
1285 2118 1442 2171 explica.
1457 2116 1782 2154 IdemAlfesiboea
1796 2132 1803 2152 :
1816 2116 1912 2170 quid
1922 2117 2013 2154 itam
2029 2125 2072 2154 10

1209 2189 1360 2226 obscuri
1390 2187 1523 2223 dicunt
1547 2191 1626 2229 est,
1655 2192 1777 2222 tcmzve
1807 2186 2073 2223 inenodabile?

283 2267 324 2296 10
340 2258 528 2309 Virgilius
564 2257 631 2294 lib.
657 2258 715 2294 vi:
744 2258 834 2294 inde
856 2257 921 2294 ubi
936 2270 1072 2294 venere
1095 2258 1148 2294 ad
1211 2258 1360 2296 Ennius
1400 2256 1563 2293 Telefo:
1598 2269 1749 2299 verum,
1779 2269 1940 2309 quorum
1964 2255 2076 2292 liberi

323 2369 358 2391 20
383 2356 501 2388 Samni
524 2356 559 2386 ιή
583 2356 650 2386 sole
673 2355 756 2385 mihi
779 2355 815 2385 in
838 2367 879 2385 m.
913 2367 952 2385 m.
978 2361 1140 2400 metuque,

326 2413 381 2444 Tr.
406 2413 441 2443 in
466 2422 594 2442 sunuua
619 2422 662 2441 cr.
694 2411 729 2441 in
759 2422 794 2440 re
818 2410 974 2440 inventus
999 2411 1062 2441 sal.
1099 2411 1141 2454 cj.

321 2468 453 2507 Scalig.
501 2467 588 2498 Sane
612 2471 682 2497 tute
705 2467 773 2497 sole
806 2478 846 2496 m.
879 2466 915 2496 in
939 2478 980 2496 m.
1004 2478 1043 2496 m.
1075 2478 1141 2497 ere-

319 2535 403 2569 pera
425 2535 460 2553 re
483 2522 639 2552 inventus
662 2526 780 2551 ventus
803 2521 928 2551 salutis
962 2521 1004 2563 ej.
1029 2522 1140 2553 Palm.

320 2592 353 2622 p.
384 2577 471 2609 121.

320 2646 447 2665 summa
471 2644 558 2676 erep-
581 2633 617 2663 in
640 2644 674 2662 re
705 2637 824 2675 portus
856 2633 918 2663 sal.
960 2631 1000 2674 cj.
1034 2634 1139 2664 Merc.

520 2577 608 2608 Sane
644 2581 679 2606 tu
709 2577 801 2607 solus
839 2595 872 2599 -
914 2576 1072 2608 Tristitia
1106 2578 1142 2608 in

319 2699 354 2723 30
383 2688 584 2733 aejJritndine
617 2689 665 2720 DI.
688 2693 779 2728 potet
803 2699 870 2718 una
894 2688 1005 2719 Editt.
1033 2689 1142 2720 ducti-

320 2751 365 2776 tet
390 2746 454 2777 W'.
479 2745 525 2775 A.
551 2744 677 2774 duellet
701 2744 737 2774 L.

274 2812 350 2845 pag.
386 2799 446 2832 14.
483 2800 597 2831 oracla
634 2799 746 2830 Editt.
781 2810 894 2830 nomen
941 2799 988 2831 A.
1022 2800 1057 2832 J.
1090 2799 1136 2831 M.

318 2867 353 2890 20
377 2856 467 2887 aviis
493 2854 677 2896 cj.Scalig.
707 2853 793 2885 196.
830 2854 929 2896 Conj.
958 2868 988 2897 p.
1016 2854 1137 2887 32.ex

1246 2355 1332 2399 feris
1347 2373 1380 2378 -—
1395 2354 1516 2397 pennis
1531 2353 1701 2383 decoratos
1717 2352 1790 2382 suis
1803 2351 1929 2387 Bothe,
1941 2351 2070 2382 Diintz.

1250 2411 1322 2442 suis
1347 2410 1429 2441 locis
1453 2409 1522 2439 Nos
1534 2421 1574 2439 m.
1592 2408 1716 2439 Poenis
1739 2407 1810 2449 ἀ.Ῐὶ
1836 2408 1934 2439 Rost.
1950 2417 2067 2449 opusc.

1249 2466 1304 2498 Pl.
1329 2477 1361 2507 p.
1386 2463 1473 2496 170.
1506 2475 1548 2494 m·
1568 2463 1654 2506 feris
1677 2463 1750 2494 suis
1774 2463 1856 2494 loeis
1881 2462 2068 2504 cj.Diintz.

1248 2520 1532 2556 Lucis—pennis
1563 2518 1604 2561 ej.
1630 2519 1737 2550 Mero.
1750 2518 1872 2548 Poenis
1896 2517 2070 2548 decoratos

1247 2576 1335 2619 feris
1366 2574 1537 2615 Scaliger.
1563 2574 1635 2604 suis
1661 2573 1759 2604 Locis
1786 2592 1819 2596 —
1847 2572 2018 2604 decoratos
2039 2572 2072 2615 f.

1250 2631 1292 2673 cj.
1319 2630 1448 2661 Guliel.
1474 2631 1517 2660 ad
1541 2629 1656 2660 Plaut.
1682 2627 1810 2670 Amph.
1829 2628 1859 2659 I.
1884 2637 1918 2661 30
1932 2640 2069 2671 possum

1250 2686 1292 2728 ej.
1319 2687 1426 2717 Mei-c.

1203 2755 1281 2786 pag.
1312 2741 1371 2773 15.
1396 2743 1499 2773 abste
1523 2740 1745 2772 om.L.A.‹-t
1757 2739 1890 2783 qucesis
1903 2740 1941 2770 L.
1966 2752 2008 2771 m.
2029 2740 2062 2772 1.

1249 2807 1280 2831 10
1291 2796 1548 2829 obscur-adimant
1569 2795 1674 2826 MSS.
1689 2796 1796 2826 Mero.
1825 2795 2069 2826 obscuridieum

1248 2854 1289 2896 ej.
1314 2855 1361 2885 Μ.
1385 2858 1487 2896 [Incite
1512 2853 1552 2893 ej.
1579 2852 1685 2883 More.
1717 2851 1826 2881 Palm.
1850 2850 1937 2881 185.
1964 2850 2067 2882 enoda
