2174 3267
380 172 478 210 1111.
533 171 606 209 DE
633 169 807 209 VARIA
835 169 1291 208 SIGNIFICATIONE
1321 169 1642 209 SERMONUM.

171 278 328 316 ΙΜΜΑΝΕ
343 278 533 328 significat
548 277 700 328 iugem.
719 276 828 325 Virg.
844 276 911 314 lib.
925 290 964 314 v1
979 293 986 313 :

118 348 319 401 posuitque
343 347 541 395 immania.-
552 347 704 399 templa.
735 347 907 390 Inmane,
932 346 987 383 fe-

128 425 170 454 10
187 417 285 453 dum.
313 416 458 454 Accius
472 417 704 453 Automedia
721 432 728 453 :
750 417 989 453 immanitate

121 485 233 522 habet
255 485 445 538 templum,
469 484 697 522 obvallatum
718 484 874 522 ossibus.
910 485 988 522 Im-

121 568 230 590 mane
245 567 397 591 rursum
418 555 573 592 minime
595 555 752 601 bonum,
773 559 812 592 et
833 569 988 593 nocens.

121 623 264 661 Accius
279 623 442 662 Medea:
462 626 589 677 prima
611 638 656 661 ex
678 625 838 661 immani
852 626 990 661 victum

121 692 176 729 ad
198 698 436 730 mansuetum
462 694 673 746 applicans.
704 693 816 744 Vix-g.
844 691 989 744 Georg.

121 760 189 798 lib.
219 776 297 798 1111:
336 762 536 799 immanem
563 767 655 799 ante
684 763 800 815 pedes
828 762 991 813 hydrum

121 830 309 867 moritura
323 831 464 883 puella.
496 832 638 869 Accius
651 831 864 869 Filocteta:
893 831 990 882 Fry-

119 900 222 950 qiam
249 900 397 937 mitiore
424 914 502 937 esse
533 913 615 937 sam
642 901 762 937 imani
792 900 984 938 Greciam.

122 967 178 1005 Μ.
201 968 358 1006 Tullius
373 969 421 1006 dc
435 969 496 1007 Re
522 969 677 1020 publica
700 970 769 1007 lib.
786 985 850 1007 111:
881 971 991 1024 quid-

118 1051 168 1088 pe
193 1039 228 1074 si
250 1044 312 1075 eta
340 1039 480 1082 sensit,
511 1045 554 1075 ut
583 1039 766 1093 loquitur,
799 1045 855 1076 est
884 1040 990 1077 homo

122 1107 314 1159 impurus3
342 1110 402 1144 sin
428 1107 563 1153 aliter,
591 1108 694 1162 quod
716 1109 836 1154 malo,
868 1111 991 1147 oratio

611 1177 720 1216 Idem
761 1178 808 1215 de
840 1178 990 1216 Officiis

123 1244 189 1281 lib.
209 1258 241 1281 1:
272 1259 346 1298 quo
369 1245 630 1282 detestabilior
647 1246 794 1283 illorum
816 1248 989 1284 inmoani-

123 1182 179 1213 est
211 1181 339 1212 tamen
373 1177 561 1213 immanis.

125 1320 170 1350 20
201 1318 282 1357 tas,
313 1314 382 1366 qui
415 1320 452 1351 et
472 1314 739 1352 laceraverunt
768 1330 874 1352 omne
911 1329 989 1354 sce-

121 1382 200 1418 lere
220 1383 405 1435 patriam.
436 1383 546 1433 Virg.
566 1383 663 1420 Aen.
678 1383 746 1422 lib.
767 1399 797 1420 ιι
826 1385 991 1436 qunza-

121 1451 211 1495 lion,
233 1452 374 1488 scelere
389 1458 481 1507 ante
506 1453 600 1488 alios
626 1454 825 1490 immanior
845 1467 985 1491 omnes.

121 1520 249 1558 Varro
276 1520 511 1571 Meleagris:
553 1521 655 1558 adde
692 1522 856 1573 hydram
893 1523 991 1560 Ler-

121 1602 232 1626 neam
268 1595 305 1626 et
334 1589 530 1626 trahonem
572 1589 850 1642 Hesperidum,
890 1593 992 1646 quod

122 1658 262 1695 hestiae
288 1658 448 1709 fuerunt
476 1661 670 1696 immanes.

174 1726 420 1765 INTESTATUS
447 1733 519 1773 est,
552 1729 618 1779 qui
649 1729 731 1766 sinc
761 1734 990 1767 testamento

123 1796 239 1847 perit.
267 1796 483 1834 Intestatus
512 1801 572 1834 est
591 1812 756 1844 rursum,
780 1799 886 1835 cuius
906 1813 991 1836 ver-

122 1865 183 1902 bis
202 1865 298 1902 fides
316 1879 392 1902 non
410 1865 584 1904 habetur.
604 1868 846 1918 Pomponius
859 1868 991 1905 Picto-

121 1934 251 1971 ribus:
279 1936 381 1987 ipsus
413 1948 496 1972 cum
521 1949 596 1972 uno
620 1949 727 1973 servo
752 1949 866 1973 senex
895 1938 990 1974 inte·

121 2009 221 2040 stato
245 2002 514 2057 proficiscitur.

172 2072 378 2110 INVADERE
423 2078 484 2110 est
531 2078 764 2125 appetenter
804 2075 989 2126 incipere.

125 2150 170 2180 30
194 2142 304 2194 Virg.
323 2142 392 2180 lib.
411 2157 511 2180 vnn:
540 2149 609 2180 aut
630 2158 814 2196 pugnam,
833 2150 901 2181 aut
920 2145 990 2182 ali-

120 2235 217 2277 fleniz)
239 2234 380 2265 arbusta
405 2235 523 2265 inuata
534 2240 624 2271 sunt,
647 2247 711 2266 non
735 2236 842 2266 obsim
866 2235 989 2278 chcal.

124 2302 155 2332 p.
170 2288 232 2321 82.
255 2291 375 2321 obsita.
413 2291 536 2322 Ducile
560 2290 595 2327 9,
611 2290 675 2322 24.
690 2291 782 2322 Scal.
812 2292 918 2322 obsim
947 2291 990 2323 G.

123 2345 319 2387 probRoth.
354 2358 419 2377 non
451 2347 573 2377 obstita
600 2346 668 2389 ch.
712 2360 775 2378 non
801 2348 989 2378 obscuritas

125 2400 215 2432 485.
239 2402 283 2432 Α.
306 2401 342 2433 J.
376 2402 420 2433 cf.
444 2402 551 2434 Turn.
578 2402 647 2436 29.
677 2401 741 2433 28.
776 2404 918 2434 conlatis
945 2404 989 2434 cf-

128 2466 160 2489 ¹0
182 2457 287 2488 Turn.
302 2456 366 2495 29,
382 2457 445 2489 22.
469 2458 686 2489 Andromeda
701 2460 841 2489 immane
858 2465 886 2489 te
896 2459 991 2490 habet

126 2511 214 2544 A.J.
229 2514 364 2544 immani
378 2514 451 2544 tabe
464 2515 622 2558 templum
635 2515 708 2550 obv.
726 2515 861 2558 cherc.
878 2516 990 2546 onmia

126 2578 206 2598 sana
230 2567 387 2600 Gerlach.
422 2581 464 2600 ex
490 2571 628 2601 immani
654 2571 744 2602 victu
774 2571 819 2601 ad
842 2584 883 2601 m.
913 2583 990 2615 app.

125 2623 166 2653 B.
188 2627 279 2655 recte
304 2624 463 2657 Gerlach.
493 2637 535 2656 ex
559 2627 694 2657 inmzani
714 2628 838 2657 victum
874 2627 918 2658 ad
948 2640 991 2659 m.

125 2690 178 2721 ap.
202 2679 243 2710 L.
259 2678 301 2710 G.
325 2680 415 2711 Scal.
441 2681 530 2724 conj.
555 2694 584 2724 p.
604 2681 667 2713 67.
694 2683 818 2713 victum
844 2695 908 2714 om.
926 2685 990 2715 VV.

123 2734 216 2766 485.
243 2735 291 2766 Μ.
321 2738 395 2767 miti
426 2749 513 2768 more
536 2750 606 2768 esse
629 2750 697 2769 sam
723 2739 828 2768 imarii
848 2741 994 2783 greciam

126 2791 169 2822 G.
190 2790 239 2833 fr.
263 2792 464 2834 mitymorem
487 2805 529 2824 ex
554 2806 586 2824 se
609 2806 677 2824 sam
696 2795 738 2825 B.
762 2795 893 2826 mitiore
904 2807 990 2826 more

124 2859 193 2877 esse
205 2858 303 2890 quam
316 2847 485 2879 immanem
498 2848 673 2881 Graeciam
684 2850 816 2892 cherl.
836 2852 990 2882 minorem

124 2915 201 2935 esse.
216 2904 385 2933 innnmwm
400 2902 570 2935 Graeciam
590 2906 636 2938 A.
651 2907 753 2938 Voss.
772 2907 987 2949 probDiintZ.

1828 170 1912 208 221

1051 278 1147 332 quid
1174 279 1250 315 iam
1266 277 1407 315 dudum
1428 277 1610 314 invadere
1634 289 1825 327 magnum.
1839 274 1917 312 Lu-

1052 347 1164 383 cilius
1180 347 1247 383 lib.
1261 361 1345 383 xxx
1360 363 1367 382 :
1396 353 1438 383 ut
1459 347 1570 383 semel
1590 347 1630 382 in
1648 345 1916 394 Caclipuyuas

1051 421 1088 452 te
1104 417 1285 452 invadere
1299 416 1391 452 vidi.
1422 416 1610 452 Invadere
1638 428 1787 452 rursum
1809 414 1920 465 quasi

1449 485 1592 521 Accius
1622 485 1850 522 Atamante:
1878 488 1921 520 ut

1048 553 1273 605 profugiens
1303 553 1444 589 hostem
1478 555 1622 590 inimici
1648 554 1706 590 in-
1734 548 1920 603 (p.524.)

1050 485 1090 521 iu
1113 485 1251 522 vadum
1278 499 1404 522 ruere.

1052 623 1191 659 vadam
1220 623 1262 658 in
1290 634 1438 658 manus.

1104 691 1254 728 Itu-mm
1295 695 1353 727 est
1393 703 1548 740 cogere,
1575 690 1723 741 aliquid
1761 695 1806 727 ut
1843 690 1921 727 fiat.

1053 759 1162 809 virg.
1185 759 1254 796 lib.
1273 774 1376 797 vnn:
1414 773 1460 797 ac
1482 759 1621 796 Nisum
1647 760 1775 796 dicere
1796 760 1919 796 iussit.

1053 828 1193 866 Iubere
1231 833 1291 866 est
1330 829 1444 866 velle.
1488 828 1661 866 Lucilius
1698 829 1923 880 Satyrarum

1054 897 1122 934 lib.
1142 911 1182 934 vr
1197 914 1204 934 ε

1054 972 1135 1004 tere
1153 968 1286 1004 amico.
1317 967 1530 1005 Terentius
1557 967 1596 1004 in
1618 967 1787 1005 Andria:
1816 966 1922 1004 iubeo

1243 898 1393 934 salvere
1416 897 1544 934 iubere
1574 899 1734 935 salutem
1761 903 1817 935 est
1838 898 1922 934 mit-

1055 1035 1275 1074 Cremetem.
1306 1036 1416 1086 Virg.
1436 1036 1534 1074 Aen.
1558 1036 1625 1073 lib.
1645 1052 1706 1073 111:
1734 1037 1803 1074 sed
1826 1037 1923 1073 votis

1051 1105 1300 1159 precibusque
1326 1105 1453 1142 iubent
1481 1119 1681 1158 exposcere
1704 1119 1850 1158 pacem.

1104 1175 1281 1212 Imm-nus
1315 1179 1374 1211 est
1406 1175 1536 1226 aliquo
1566 1175 1660 1211 vitio
1700 1176 1923 1212 maculatus.

1054 1243 1110 1280 M.
1130 1243 1286 1281 Tullius
1314 1244 1353 1280 in
1377 1244 1540 1280 Verrem
1562 1244 1714 1281 actione
1736 1258 1781 1280 ιιι
1811 1258 1926 1298 quam

1053 1313 1182 1349 multis
1219 1312 1323 1349 illum
1355 1314 1549 1363 ingenuis,
1583 1326 1698 1366 quam
1722 1313 1847 1350 multis
1880 1322 1922 1351 10

1053 1382 1240 1418 matribus
1255 1380 1408 1428 familiis
1422 1383 1462 1418 in
1473 1382 1540 1417 illa
1557 1388 1660 1419 tetra
1674 1388 1790 1436 atque
1806 1383 1925 1435 impu-

1054 1465 1101 1488 ra
1126 1452 1313 1502 leqatione
1341 1451 1414 1488 vim
1450 1451 1634 1488 adtulisse
1670 1452 1924 1489 existimatis?

1054 1520 1228 1558 Lucilius
1242 1521 1310 1558 lib.
1322 1535 1439 1558 xxvl:
1469 1523 1661 1573 coniugem
1678 1521 1927 1576 infidamque,

1049 1590 1219 1643 flaticam
1248 1590 1448 1638 familiam,
1473 1593 1623 1642 impura
1648 1592 1809 1629 domum.
1849 1592 1926 1630 Im-

1056 1674 1190 1711 puruS‚
1216 1660 1428 1711 improbus.
1456 1661 1510 1698 M.
1529 1661 1685 1698 Tullius
1706 1662 1754 1698 de
1773 1661 1834 1699 Re
1855 1676 1927 1712 pu-

1056 1729 1155 1766 blica
1177 1730 1244 1766 lib.
1266 1743 1332 1766 111:
1362 1730 1431 1766 sed
1452 1732 1627 1767 ventuati
1642 1736 1799 1767 nostrae
1817 1733 1926 1768 mini-

1055 1812 1113 1835 me
1138 1798 1372 1835 audiendus:
1409 1799 1549 1851 quippe
1574 1800 1609 1835 si
1633 1800 1688 1836 ita
1713 1800 1852 1843 sensit,
1884 1806 1926 1837 ut

1054 1867 1245 1921 loquitur,
1278 1872 1334 1904 est
1358 1867 1464 1904 homo
1489 1868 1674 1916 impurus.
1714 1869 1926 1907 Terentius

1054 1937 1095 1973 in
1114 1936 1321 1974 Eunucho:
1350 1938 1425 1973 mei
1449 1937 1522 1974 loci
1544 1944 1660 1991 atque
1678 1939 1825 1976 ordinis
1842 1938 1924 1977 Ho-

1054 2006 1191 2042 minem
1218 2005 1326 2042 haud
1351 2006 1550 2057 impurum.

1652 2077 1778 2115 Varro
1808 2078 1849 2115 in
1877 2086 1923 2116 20

1054 2144 1228 2190 Efoelm,
1275 2140 1373 2196 περὶ
1419 2139 1608 2194 ἐμμονεςε
1651 2147 1746 2199 quid
1788 2152 1825 2184 te
1863 2147 1925 2198 fa-

1105 2075 1288 2113 IMBUERF.
1340 2080 1400 2113 est
1434 2076 1600 2115 initiare.

1056 2235 1136 2267 Phr.
1146 2247 1214 2267 esse
1224 2236 1293 2266 mit.
1302 2236 1387 2266 imm.
1399 2235 1577 2268 Gr.He1·m.
1589 2248 1704 2280 opusc.
1713 2238 1782 2269 111.
1795 2250 1830 2281 p.
1840 2237 1927 2270 125.

1056 2291 1210 2335 Phr-wia
1234 2291 1381 2333 chcriv.
1409 2292 1595 2336 Pliryqiam
1612 2295 1766 2325 minorem
1782 2307 1852 2326 esse
1872 2295 1926 2326 aio

1055 2348 1190 2378 immani
1214 2347 1359 2378 Graecia
1384 2346 1522 2390 ch.I).
1549 2349 1708 2392 Rep.lib.
1721 2351 1775 2381 iii:
1801 2352 1925 2394 quippe

1054 2404 1084 2432 si
1109 2403 1157 2432 ila
1182 2404 1286 2434 sensit
1309 2403 1410 2444 Vulg.
1436 2405 1496 2434 cfr.
1520 2403 1660 2446 p.524,
1691 2405 1752 2437 15.
1778 2407 1838 2438 lib.
1855 2406 1924 2438 IV.

1054 2458 1088 2489 J.
1116 2458 1222 2490 Goth.
1256 2459 1354 2501 impr.
1390 2459 1472 2491 Mai.
1513 2461 1683 2503 Meleagro
1717 2463 1765 2493 A.
1810 2462 1925 2493 draeo-

1055 2526 1125 2544 nem
1151 2515 1194 2546 M.
1236 2520 1330 2557 quott
1358 2515 1480 2546 bestiae
1512 2516 1553 2547 B.
1601 2523 1679 2561 quot
1719 2518 1854 2561 cjssoth.
1893 2531 1928 2554 20

1056 2571 1300 2612 aLpistot-ibus
1312 2571 1403 2611 ng.
1421 2572 1456 2602 in
1466 2571 1698 2617 Cadipuynos
1713 2574 1877 2617 chDusa.
1890 2586 1925 2611 30

1056 2626 1169 2656 iubeat
1193 2626 1253 2657 cfr.
1276 2637 1310 2668 p.
1326 2626 1417 2663 570,
1441 2626 1504 2658 52.
1536 2627 1690 2669 infidam,
1715 2629 1923 2673 (pag.524.)

1057 2682 1263 2724 conflaticam
1276 2683 1368 2724 ng.
1389 2683 1543 2726 flacitam
1557 2685 1602 2717 Α.
1618 2686 1651 2717 J.
1666 2686 1772 2719 Dusa.
1800 2699 1872 2719 con-
1895 2699 1927 2723 10

1058 2739 1219 2768 stantiam
1242 2739 1285 2771 al.
1312 2739 1421 2782 inquit
1445 2741 1551 2772 Dusa.
1586 2742 1764 2785 flaccidum
1791 2743 1924 2786 cherl.

1054 2795 1220 2837 impurum
1231 2795 1360 2826 modum
1379 2797 1419 2828 B.
1443 2799 1545 2829 menti
1558 2800 1673 2841 utique
1686 2801 1730 2830 Α.
1746 2800 1782 2832 J.
1813 2801 1928 2831 iuven-

1054 2853 1120 2882 tuti
1145 2851 1209 2894 ch.
1234 2851 1397 2884 Eunucho
1422 2854 1483 2886 cfr.
1508 2866 1540 2898 p.
1558 2854 1655 2895 270,
1683 2856 1746 2888 50.
1771 2857 1863 2895 559,
1888 2858 1926 2891 9.

1054 2908 1171 2939 medici
1195 2914 1293 2951 atque
1317 2910 1430 2942 ordini
1454 2911 1494 2942 B.
1527 2918 1574 2942 est
1597 2913 1776 2946 intimare.
1809 2916 1867 2946 sed
1893 2927 1927 2949 20
