2174 3267
221 113 310 151 202

222 221 364 258 Iustius
378 223 415 258 in
431 221 645 271 Iugurthae
668 221 800 259 helio:
831 236 877 259 ac
897 223 1110 261 m‘fflarius

219 293 332 342 siqua
356 290 506 337 inferre
530 297 650 345 atque
667 293 833 329 evadere
860 294 999 345 oppido
1018 308 1109 347 pro-

214 362 444 411 perum‘sscl,
452 360 626 413 profecto
638 363 768 399 ctmcti
777 368 846 399 aut
860 376 1003 414 maqna
1013 377 1110 416 pars

217 428 431 467 Sicensium
452 429 569 478 sidem
595 433 865 469 mutavissent.
898 432 1010 483 Virg.
1040 433 1108 470 lib.

218 513 300 536 vnn
314 514 321 535 :
351 506 538 536 notrasne
554 502 735 546 evadere.
751 502 922 546 demens,
930 502 1112 553 Sper-asti

216 574 253 605 te
275 582 388 622 posse
410 570 582 606 vetitius?
611 570 790 608 Lucilius
817 571 885 609 lib.
900 586 1021 610 xxvi:
1049 573 1108 609 id-

216 640 317 675 circo
344 652 472 675 omnes
500 653 681 677 cursuros
710 647 867 678 censent
896 642 1109 693 aeqritucli-

212 722 313 745 nem.
347 709 515 746 Sisenna
544 709 812 748 Historiarum
844 711 913 748 lib.
939 725 1018 748 1111:
1049 725 1108 748 co-

212 777 364 815 horima
380 780 522 831 possim
542 780 740 816 concitata
763 794 879 834 quam
900 794 1002 818 vinus
1021 787 1108 819 erat

212 847 472 900 interruptus,
495 849 639 885 evadit.
682 849 884 895 Evadere,
918 851 1106 889 ascende-

219 924 263 954 10
280 931 336 954 re.
359 918 467 968 Virg.
483 918 584 956 Aen.
600 919 668 956 lib.
682 933 732 956 11:
763 920 884 956 evado
900 921 955 957 ad
971 922 1109 958 smnmi

213 986 377 1038 fastl'qia
414 988 606 1025 culminis,
651 989 833 1027 Evadere
849 1018 858 1034 ‚
898 1004 1106 1041 apparere.

213 1057 327 1109 Vix-g.
347 1058 448 1097 Aen.
481 1058 549 1095 lib.
576 1073 622 1096 11?
656 1065 700 1096 ut
725 1061 884 1097 tandem
910 1066 1002 1098 ante
1020 1073 1106 1098 ocu-

213 1126 270 1163 los
299 1130 440 1173 evasit,
471 1135 507 1166 et
535 1143 607 1166 ora
631 1136 857 1180 parentum.

267 1196 520 1235 ExpnonAm:
556 1205 616 1236 est
655 1201 846 1238 intentius
883 1201 1105 1239 observare.

214 1266 327 1318 Virg.
339 1268 440 1305 Aen.
464 1268 532 1305 lib.
548 1282 633 1306 vnn
649 1285 657 1305 z
687 1284 757 1307 nec
773 1284 851 1307 non
867 1271 1015 1323 trepidi
1025 1270 1105 1317 for-

214 1337 359 1374 midine
373 1344 511 1389 portas
534 1336 775 1390 Explorant.
806 1340 861 1377 M.
879 1340 1038 1377 Tullius
1055 1341 1104 1377 dc

215 1405 369 1443 Officiis
385 1407 525 1445 lih.1u:
554 1408 627 1445 hac
644 1411 684 1446 vi
702 1423 780 1445 non
800 1416 989 1453 mutatur,
1008 1424 1057 1446 nc
1072 1411 1108 1446 si

215 1476 457 1527 exploratum
490 1478 645 1530 quidem
680 1478 845 1523 habeat,
882 1480 926 1516 id
954 1481 1106 1516 omnino

214 1546 404 1582 neminem
427 1560 608 1600 umquam
624 1548 929 1599 suspicaturum.
952 1549 1107 1600 Explo-

215 1629 317 1659 rare,
343 1630 475 1653 verum
498 1617 710 1668 inquirere.
741 1618 854 1669 Virg.
870 1618 971 1656 Aen.
990 1619 1059 1655 lih.
1072 1633 1106 1656 1:

218 1692 264 1722 20
297 1686 403 1721 exire
428 1686 605 1739 locosque
622 1685 848 1739 Explorare
867 1701 997 1724 novos.
1029 1688 1109 1726 Ex-

215 1754 403 1806 plorare‚
443 1755 626 1806 probare.
666 1756 722 1794 M.
754 1757 916 1794 Tullius
946 1758 985 1794 in
1006 1758 1107 1795 Ver-

215 1838 298 1861 rem
320 1825 475 1862 actione
491 1839 540 1862 11:
572 1831 652 1862 tum
669 1827 710 1862 in
729 1826 890 1881 reliquis
904 1827 1109 1880 explorata

217 1899 336 1948 atque
373 1895 547 1948 provisa.
606 1894 784 1933 Lucilius
837 1896 906 1933 lib.
940 1911 1108 1935 xxvuu:

217 1970 363 2001 certum
390 1966 467 2001 scio
490 1963 593 2002 Esse
616 1967 674 2002 ita
695 1971 737 2002 ut
757 1966 854 2002 (licis
865 1981 880 2009 ‚-
907 1980 1000 2003 nam
1019 1967 1113 2004 mihi

218 2041 334 2072 erant
362 2036 410 2072 de
432 2036 496 2072 illo
520 2036 724 2088 explorata
751 2038 893 2072 omnia.
931 2036 987 2075 Μ.
1009 2037 1108 2075 Tul-

217 2104 294 2141 lius
322 2105 370 2142 de
392 2105 631 2142 Senectute:
663 2106 749 2160 quis
775 2111 832 2142 est²
855 2112 934 2143 tam
953 2107 1109 2152 stultus,

218 2175 394 2227 qicamvis
417 2174 658 2220 adulescens,
689 2177 754 2212 cui
775 2176 826 2213 sit
852 2177 1110 2229 exploratum,

218 2256 259 2280 se
286 2244 342 2280 ad
369 2257 569 2296 vesperum
594 2258 676 2282 esse
699 2246 916 2283 victurum?
958 2246 1107 2298 Explo-

218 2328 322 2359 πει-ε,
346 2314 507 2352 siccare.
536 2315 649 2366 Virg.
672 2314 960 2367 Georgicorum
990 2317 1059 2354 lib.
1076 2332 1108 2354 1:

219 2389 257 2421 et
283 2396 473 2435 suspensa
490 2384 587 2435 focis
613 2385 791 2439 explorat
810 2385 950 2423 robora
967 2385 1109 2437 fzmzus.

219 2513 299 2544 (lari
320 2520 487 2557 peracuta
513 2514 557 2545 ud
583 2516 788 2559 chcopard.
817 2516 877 2553 18,
899 2517 965 2550 20.
991 2519 1109 2549 volun-

220 2575 318 2600 tates.
345 2570 541 2613 Explorare
566 2570 665 2608 294,
690 2571 753 2604 14.
779 2574 825 2604 A.
864 2574 1006 2605 evadere
1028 2578 1109 2617 post

220 2629 313 2668 (pag.
327 2621 437 2660 294.)
451 2625 543 2662 295,
557 2626 594 2658 8.
608 2629 655 2659 A.
672 2629 786 2660 XXV.
805 2631 925 2661 iccirco
938 2629 982 2661 A.
997 2631 1106 2661 Dusa.

218 2693 382 2712 evasuros
406 2683 497 2725 vulg.
540 2684 656 2715 cohors
681 2697 750 2716 una
772 2692 849 2725 post
874 2685 967 2718 485.
994 2688 1042 2719 Α.
1067 2687 1103 2719 J.

217 2738 347 2780 passim
371 2739 464 2780 lngJ.
499 2741 666 2770 ramesiam
693 2753 758 2785 qua
783 2744 879 2772 rivus
904 2741 998 2774 485.
1034 2755 1107 2774 con-

223 2805 255 2828 10
268 2795 372 2825 vitata
391 2808 456 2838 qua
472 2809 588 2826 murus
599 2797 707 2829 Meu-e.
730 2805 923 2841 parentum.
940 2799 1108 2842 Enrijrere

221 2850 314 2888 295,
329 2850 364 2883 9.
391 2853 435 2882 Α.
466 2852 660 2895 Explorure
686 2858 767 2896 post
785 2853 877 2892 294,
891 2855 957 2887 55.
973 2855 1020 2887 Α.
1043 2854 1108 2886 hac

867 116 1076 154 NOMUS
1106 119 1443 158 MARCELLUS

1231 226 1478 272 Exuncnnr:‚
1527 228 1705 278 fatigare.
1761 227 1979 264 Terentius
2025 227 2065 264 in

1178 294 1351 333 Adelfis:
1391 296 1434 332 1ιί
1467 310 1589 340 sane‚·
1633 311 1700 349 eqo
1731 304 1768 334 te
1805 297 1985 334 exercebo
2016 305 2062 335 30

1178 363 1304 409 hodie,
1328 371 1371 402 ut
1397 365 1536 417 (liynus
1565 380 1625 410 es,
1659 368 1908 405 silicernium.
1938 367 2064 404 Exer-

1179 448 1268 471 cere
1297 440 1358 471 cst
1386 436 1587 485 exagitare
1617 436 1679 474 vel
1710 451 1969 474 commovere.
2009 436 2065 474 Μ.

1179 503 1339 541 Tullius
1378 505 1428 542 de
1470 505 1623 542 Officiis
1664 506 1733 543 lib.
1767 520 1802 543 1:

1177 573 1293 609 etiam
1308 580 1365 611 est
1381 573 1550 621 facilitas
1571 581 1608 612 et
1621 576 1787 612 altitudo
1800 577 1931 612 animi.
1951 575 2064 625 Virg.

1846 506 2065 543 exercenda

1176 641 1278 680 Aen.
1298 642 1365 679 lib.
1383 657 1428 679 v:
1459 650 1564 688 nate,
1586 644 1718 682 Iliacis
1740 658 1848 681 exer·
1869 641 1926 696 (p.
1943 639 2064 689 295.)

1177 712 1250 749 cite
1271 712 1382 760 fatis.
1414 713 1629 759 Exeruere,
1646 715 1810 766 insequi.
1840 715 1948 765 Virg.
1964 714 2064 752 Aen.

1176 781 1243 818 lib.
1270 795 1349 819 1111:
1379 788 1459 819 tum
1486 797 1573 826 vos,
1613 798 1633 820 o
1676 784 1803 834 Tyrii,
1842 785 2002 835 stirpem
2028 789 2065 820 et

1171 865 1295 902 yemis
1343 866 1452 890 omne
1500 852 1678 904 ficturum
1716 853 1909 890 Exereete
1949 853 2061 890 odiis.

1175 921 1391 967 Exemere,
1419 923 1605 960 solidare.
1635 923 1849 960 Sallustius
1868 923 1908 959 in
1923 922 2064 973 lugur-

1175 989 1267 1027 thae
1293 990 1423 1028 bello:
1454 991 1680 1036 Nabdalsa,
1702 994 1868 1029 exercito
1888 1005 2062 1046 corpore.

1175 1059 1320 1098 Cicero
1359 1061 1693 1100 Tusculanarum:
1742 1062 1920 1116 equidem
1964 1075 2065 1099 meos

1175 1143 1303 1175 cums,
1327 1133 1368 1168 in
1392 1131 1529 1184 quibus
1558 1146 1617 1169 me
1637 1131 1802 1183 fortuna
1820 1132 2067 1169 vehementer

1175 1202 1360 1238 exercuit.
1393 1202 1606 1247 Exercet-e,
1618 1203 1828 1254 imperare,
1847 1203 2064 1253 imponere.

1174 1270 1287 1321 Virg.
1308 1269 1597 1322 Georgicorum
1621 1271 1690 1308 lib.
1712 1285 1762 1308 11:
1789 1277 1882 1309 tunc
1896 1272 2066 1326 denique

1173 1340 1278 1377 dura
1302 1340 1457 1378 Exerce
1480 1342 1656 1393 imperia,
1679 1347 1715 1378 et
1732 1354 1859 1378 ramos
1873 1354 2065 1394 compesce

1171 1408 1347 1461 fluentis.
1394 1411 1564 1448 Plautus
1594 1411 1633 1447 in
1660 1411 1925 1463 Amfitryone:
1955 1412 1991 1447 si
2019 1418 2061 1448 10

1173 1482 1216 1517 in
1244 1494 1302 1517 me
1327 1483 1588 1525 exerciturus,
1621 1493 1780 1533 quaem,
1807 1481 1847 1516 in
1873 1482 2065 1532 parietem

1170 1551 1285 1601 prius
1294 1551 1437 1587 domes.
1456 1550 1658 1588 Exercere
1673 1550 1713 1587 in
1728 1550 1934 1587 meliorem
1953 1564 2065 1587 usum

1175 1625 1215 1656 et
1244 1621 1413 1657 fructum
1437 1621 1618 1658 formare.
1649 1620 1761 1670 Virg.
1778 1618 2067 1671 Georgicorum

1173 1688 1243 1725 lib.
1267 1703 1299 1724 1:
1332 1694 1563 1743 exercetque
1589 1687 1774 1744 frequens
1799 1690 1978 1727 tellurem
2004 1695 2064 1727 at-

1174 1772 1249 1812 que
1276 1760 1442 1811 imperat
1470 1760 1589 1795 arvis.

1227 1828 1409 1872 EQU1TEs
1436 1842 1521 1865 cum
1552 1828 1841 1866 consuetudine
1864 1833 1931 1866 aut
1949 1844 1969 1866 a
1985 1843 2064 1866 ma-

1175 1898 1299 1949 gistro
1328 1912 1518 1950 equorum
1551 1904 1618 1936 aut
1645 1913 1665 1936 a
1698 1912 1852 1937 sessore
1885 1899 2063 1950 appelle—

1174 1982 1274 2009 mus„
1290 1964 1351 2014 (ut
1364 1968 1475 2019 Virg.
1497 1968 1565 2006 lib.
1579 1982 1660 2005 1111:
1687 1969 1838 2006 interea
1858 1970 2067 2021 praemissi

1175 2039 1323 2091 equites
1347 2052 1394 2074 ex
1414 2038 1507 2074 urbe
1528 2037 1695 2075 Latina.
1727 2038 1782 2076 Et
1804 2038 1871 2075 lib.
1895 2052 1942 2074 x:
1972 2037 2063 2088 effu-

1173 2120 1335 2161 sumque
1384 2109 1549 2161 equitem
1597 2120 1717 2159 super
1754 2109 1835 2161 ipse
1873 2104 2062 2152 secutus.)

1176 2178 1331 2229 equites
1367 2176 1562 2228 Virgilius
1595 2177 1880 2228 Georgicorum
1925 2177 1993 2214 lib.
2019 2192 2062 2213 111

1177 2261 1301 2298 equos
1322 2247 1401 2284 dici
1421 2247 1560 2284 voluit:
1582 2248 1751 2300 impositi
1768 2248 1896 2290 dorso,
1926 2252 1984 2283 at-
2014 2254 2060 2284 20

1176 2330 1250 2371 que
1271 2318 1436 2371 equitem
1454 2317 1619 2354 docuere
1641 2316 1709 2353 sub
1726 2317 1845 2352 armis
1862 2315 2063 2353 Insultare

1176 2386 1276 2431 solo,
1301 2393 1338 2424 et
1361 2399 1520 2439 gressus
1543 2386 1759 2437 glomerare
1781 2385 1979 2436 superbos.

1173 2518 1209 2548 υἱ
1232 2530 1299 2549 non
1325 2523 1445 2548 utatur
1470 2517 1580 2549 Orell.
1606 2517 1675 2547 nisi
1692 2517 1909 2559 exploratum
1935 2517 1999 2547 W.
2025 2527 2062 2551 20

1172 2575 1216 2606 Α.
1240 2575 1397 2618 qiittmvris
1410 2576 1454 2604 sil
1473 2574 1564 2604 adol.
1578 2573 1702 2603 Klotz.
1727 2578 1757 2603 el
1775 2572 1929 2603 lenitudo
1948 2570 2010 2603 Or.
2026 2580 2062 2605 30

1174 2630 1350 2666 Exercet-e,
1362 2631 1540 2670 imponere.
1552 2629 1717 2670 impurare
1728 2628 1827 2668 Vir-g.
1846 2625 1940 2670 (pag.
1955 2623 2062 2662 295.)

1172 2685 1267 2717 485.
1308 2687 1355 2719 Α.
1390 2686 1453 2716 cfr.
1491 2697 1522 2727 p.
1548 2684 1648 2720 505,
1676 2683 1742 2715 28.
1792 2695 1958 2725 compesce
1993 2683 2059 2715 W.

1170 2754 1270 2785 equos
1296 2742 1358 2771 cfr.
1385 2754 1416 2783 p.
1447 2739 1537 2776 106,
1563 2739 1626 2771 28.
1652 2739 1746 2776 550,
1767 2738 1827 2771 18.
1853 2738 1946 2775 591,
1965 2738 2000 2769 8.
2029 2748 2061 2773 10

1173 2797 1421 2828 Eumenidibm·
1459 2798 1522 2826 cfr.
1557 2797 1650 2827 scal.
1686 2797 1717 2826 in
1745 2796 1848 2837 Virg.
1883 2794 1998 2827 Culic.
2026 2805 2060 2828 20

1175 2852 1266 2884 282.
1293 2854 1358 2884 cfr.
1377 2866 1408 2895 p.
1427 2851 1521 2887 454,
1539 2851 1602 2883 25.
1637 2852 1809 2883 Diversim
1824 2875 1830 2882 .
1843 2850 2057 2893 .fbrmidim·.
