2174 3267
370 172 468 209 1111.

97 281 340 331 Marcipore:
385 279 484 315 deim
508 279 624 316 mittit
645 279 756 316 virile
779 284 973 316 veretrum

98 356 138 387 nt
170 348 338 400 flumen,
378 347 535 399 offendit
569 348 723 386 buccam
751 349 970 385 Bolumnio.

98 418 325 463 Offendere,
346 417 516 454 laedere.
546 418 600 455 M.
616 417 774 456 Tullius
798 418 846 454 dc
869 417 973 468 Sup-

99 488 227 540 pliciis
250 487 317 523 lih.
337 500 414 523 vn:
444 501 528 524 cum
551 489 621 524 iste
637 502 720 525 cnm
738 488 863 541 palleo
877 501 973 539 pur-

101 566 145 595 30
166 570 287 608 pareo
320 558 489 610 parique
517 558 651 594 tunica
679 563 904 594 versaretur
934 557 974 593 in

96 627 277 664 conviviis
291 640 375 663 cmn
392 626 623 671 mulieribus,
636 641 713 663 non
735 625 974 678 offenderen-

97 702 163 733 tur
173 696 341 733 homines
356 697 396 732 in
411 709 467 739 co,
483 709 606 748 neque
617 697 769 733 moleste
784 695 975 747 ferebant.

99 765 273 802 Lucilius
296 765 362 802 lib.
379 779 513 802 xxvn:
542 779 632 801 nam
662 766 723 802 hic
743 766 897 818 quidem
915 778 975 802 re-

99 836 221 872 ditum
239 835 354 872 talem
369 834 666 886 portendebant,
688 848 812 889 neque
838 835 918 871 alia
936 836 977 871 in

100 900 280 956 (p.559.)
295 918 402 941 mare
415 905 492 941 ulla
508 903 714 956 offendere.
747 904 977 949 Offcndere,

101 975 285 1012 invenire.
308 974 499 1011 Pacuvius
517 975 666 1012 Iliona:
696 988 790 1028 qnos
817 988 883 1027 eqo
906 977 978 1018 ita,

102 1051 144 1081 ut
176 1045 296 1088 volui,
336 1042 485 1096 offendo
530 1045 739 1081 incolumis.
793 1045 978 1082 Afranius

104 1115 295 1152 Homine:
319 1127 365 1150 eas
378 1115 606 1157 memoriter,
624 1127 706 1150 cum
721 1127 874 1157 venero,
892 1127 979 1150 con-

102 1185 207 1235 fecta
244 1190 285 1221 ut
325 1182 531 1234 offendam.
576 1184 728 1231 Quadri
743 1183 864 1233 {arius
897 1183 979 1219 An-

104 1254 181 1291 nali
210 1253 276 1290 lib.
303 1266 349 1288 11:
380 1253 470 1288 inde
498 1258 703 1305 postquam>
739 1253 980 1305 aliquantam

103 1323 284 1365 recessit,
311 1320 469 1372 offendit
493 1327 678 1364 montem,
705 1322 790 1357 loca
819 1322 981 1365 ηιιωιίΐα,

103 1406 166 1429 res
192 1405 319 1428 omnes
351 1391 506 1435 habere,
538 1404 638 1445 quae
671 1391 852 1428 militibus
889 1405 982 1444 opus

103 1467 209 1505 sunt,
242 1462 361 1512 liqna,
403 1474 560 1516 aquam,
592 1461 787 1514 pabulum.
832 1462 882 1498 Et
903 1462 981 1499 Tc-

102 1532 253 1569 rentius
279 1532 317 1568 in
340 1531 555 1569 Eunucho:
596 1529 741 1582 offendi
773 1532 984 1568 adveniens

110 1609 153 1638 10
185 1601 381 1655 quendam
405 1602 480 1638 mei
501 1602 575 1638 loci
599 1607 716 1655 atque
733 1601 882 1637 ordinis
904 1601 985 1639 Ho-

90 1672 254 1707 -minetm
275 1671 330 1709 M.
347 1671 506 1708 Tullius
531 1671 579 1707 de
595 1671 749 1721 Signis:
774 1672 877 1724 quod
891 1685 985 1707 non-

106 1740 198 1776 dum
215 1739 431 1792 perfectura
449 1741 626 1791 templum
648 1738 902 1791 offenderent,
921 1754 987 1777 ne-

107 1822 182 1862 que
194 1822 338 1861 ponere
350 1815 571 1862 potuerunt.
590 1809 768 1846 Lucilius
785 1810 854 1846 lib.
870 1824 986 1847 xxvi:

108 1880 144 1916 si
168 1880 274 1933 quod
302 1892 433 1916 verum
467 1880 694 1916 inusitatum
729 1886 798 1916 aut
827 1885 989 1916 zetema-

108 1949 205 1985 tium
229 1947 480 1999 offenderam.
512 1948 567 1987 M.
584 1948 744 1985 Tullius
767 1949 815 1985 de
835 1948 895 1985 Re
919 1963 989 2000 pu-

108 2018 211 2056 blica
242 2018 308 2055 lib.
338 2032 384 2054 11:
425 2018 495 2054 sed
519 2018 647 2054 imitor
672 2018 859 2068 Arcytam
885 2018 989 2054 illum

116 2088 386 2133 Tarentinum,
408 2090 488 2142 qui,
504 2102 587 2125 cum
607 2089 663 2124 ad
683 2088 811 2124 villam
827 2090 993 2125 venisset

112 2164 148 2196 et
171 2159 297 2196 omnia
333 2159 449 2196 aliter
476 2156 698 2211 offendisset
729 2171 775 2194 ac
807 2159 988 2194 iusserat.

112 2229 278 2267 Plautus
306 2228 570 2280 Amfitryone:
620 2241 661 2264 eo
694 2241 798 2264 more
838 2233 994 2281 experte

112 2299 256 2350 factam
279 2299 489 2335 adveniens
509 2298 749 2334 tenebrosum
769 2296 914 2349 offendi
925 2298 991 2333 (lo-

112 2410 170 2452 ytol
199 2408 305 2451 Vulg.
353 2408 432 2439 dein
465 2408 571 2439 mittit
596 2409 638 2440 B.
664 2407 708 2440 G.
730 2409 768 2440 L.
802 2408 930 2451 ejGuil.
955 2408 990 2440 J.

115 2467 254 2509 Popma.
278 2465 399 2496 deinde
412 2466 534 2496 mittit.
548 2488 555 2495 .
567 2466 602 2496 in
617 2466 755 2508 frumen
768 2489 776 2497 .
788 2488 794 2495 .
809 2465 992 2496 Volumnio

115 2522 207 2553 Seal.
247 2522 324 2554 Cat.
360 2533 397 2564 p.
420 2520 514 2553 472.
556 2522 716 2553 Volumni
746 2521 839 2563 ng.
873 2521 994 2551 em‘rile

116 2579 256 2621 Popnia.
294 2580 328 2609 ιή
351 2579 486 2618 frumen
519 2577 650 2621 chuil.
675 2577 710 2611 5.
737 2576 798 2609 15.
833 2589 905 2608 cum
931 2577 994 2607 iste

117 2644 152 2669 30
160 2636 312 2678 palliop.
324 2636 367 2666 B.
381 2635 548 2666 conviviis
558 2635 862 2671 muliebribusmon
874 2634 994 2666 Klotz.

118 2693 153 2722 iu.
177 2704 212 2721 eo
237 2702 301 2722 om.
326 2691 386 2722 Kl.
423 2691 679 2735 offendebantur
702 2690 810 2732 Vulg.
850 2690 995 2721 reditum

118 2759 213 2778 sumn
238 2748 357 2777 talem.-
382 2748 491 2780 Dusa.
517 2748 553 2778 in
568 2760 602 2778 re
615 2748 706 2779 ulla:
733 2746 839 2778 Dusa.
865 2747 993 2778 incolu-

118 2804 167 2846 (p.
178 2802 283 2839 559.)
300 2816 365 2835 mes
379 2805 590 2836 b.I)iintzer.
617 2804 738 2835 Omine
750 2802 795 2835 G.
821 2809 891 2834 tum
905 2802 992 2844 conf.

120 2862 229 2895 Neuk.
266 2862 402 2893 conveni
425 2862 606 2892 adveniens
630 2862 713 2893 Ter.
727 2866 805 2905 etp.
822 2859 917 2897 270,
932 2860 996 2893 29.

125 2930 155 2954 ιο
179 2917 271 2955 524,
293 2917 352 2950 17.
378 2916 587 2959 offenderant
601 2941 607 2947 .
624 2944 629 2949 .
645 2941 650 2948 .
667 2919 863 2950 molucrum
890 2917 996 2958 Vulg.

525 172 597 208 DE
628 170 801 209 VARIA
831 169 1295 207 SIGNIFICATIONE
1325 165 1649 206 SERMONUM.

1827 164 1917 202 245

1039 280 1103 316 mi.
1142 276 1269 315 Varro
1290 276 1500 327 Sexagesi:
1531 274 1692 312 Romam
1719 284 1918 324 regressus

1040 348 1094 385 ibi
1125 349 1221 385 nihil
1250 345 1414 399 offendi,
1448 346 1552 399 quod
1584 349 1677 381 ante
1711 355 1835 379 annos
1870 349 1915 378 20

1041 418 1344 472 quinquaqinta,
1367 430 1450 452 cam
1476 416 1642 467 primum
1668 412 1837 450 dormire
1863 423 1920 448 ce-

1039 488 1104 539 pi,
1132 486 1284 540 reliqui.

1095 554 1317 592 OBSCURUM
1343 557 1402 589 est
1425 553 1508 589 sine
1534 551 1690 588 lumine.
1719 551 1827 601 Virg.
1844 549 1923 588 Ge-

1042 639 1123 675 org.
1152 624 1217 660 lib.
1238 638 1270 660 1:
1307 623 1344 658 si
1367 623 1519 674 nigram
1545 620 1702 657 obscuro
1728 632 1923 669 compren-

1041 694 1144 731 derit
1170 707 1266 730 aera
1290 706 1422 730 cornu.
1468 690 1706 733 Obscurum,
1735 689 1923 738 ignobile.

1043 764 1099 802 M.
1121 764 1281 801 Tullius
1320 763 1368 799 dc
1389 761 1542 799 Officiis
1574 760 1641 797 lib.
1670 774 1720 796 11:
1749 760 1819 812 qui
1842 770 1923 794 ma-

1042 847 1123 885 gyna
1157 833 1230 870 sibi
1257 838 1480 886 proponunt
1508 831 1677 868 obscuris
1704 830 1783 866 orti
1807 828 1924 865 maio-

1044 903 1162 941 ribus,
1192 903 1438 946 Obscurum,
1469 900 1765 944 absconditum,
1788 899 1928 935 latens.

1046 973 1157 1024 Vix-g.
1178 973 1245 1009 lib.
1257 986 1364 1010 vim:
1392 972 1558 1008 vidimus
1577 970 1746 1007 obscuris
1759 969 1925 1022 primum

1045 1042 1113 1079 sub
1140 1042 1303 1079 vallibus
1331 1041 1474 1078 urbem.

1099 1112 1345 1148 OBSERVARE
1361 1139 1371 1155 ‚
1406 1110 1605 1158 suspicere
1621 1137 1631 1152 ,
1664 1107 1926 1156 magnificare.

1048 1182 1103 1218 M.
1120 1181 1279 1218 Tullius
1306 1181 1354 1217 dc
1377 1179 1530 1217 Officiis
1556 1178 1624 1214 lib.
1649 1192 1686 1214 1:
1715 1179 1782 1220 sic,
1808 1182 1850 1213 ut
1883 1185 1928 1214 30

1049 1251 1180 1303 aliquo
1212 1250 1356 1285 honore
1382 1255 1451 1285 ant
1480 1248 1639 1301 imperio
1669 1245 1839 1298 affectoS‚
1869 1245 1929 1283 ob-

1049 1332 1206 1356 servare
1232 1325 1268 1356 et
1294 1319 1416 1355 colere
1446 1318 1637 1354 debemus.
1694 1317 1934 1360 Observare,

1052 1389 1181 1426 celare
1203 1394 1241 1425 ct
1264 1389 1367 1425 intus
1379 1393 1571 1439 retegere.
1586 1388 1754 1425 Plautus
1770 1386 1932 1424 Aulula-

1052 1459 1106 1495 ria
1120 1474 1128 1494 z
1148 1458 1215 1495 ubi
1228 1459 1260 1494 is
1277 1458 1351 1495 obit
1367 1463 1538 1502 mortem,
1551 1458 1620 1510 qni
1629 1457 1725 1496 mihi
1739 1457 1781 1493 id
1793 1470 1933 1493 aurum

1052 1529 1233 1572 credidit,
1262 1527 1381 1579 Coepi
1396 1527 1611 1564 observare.
1636 1526 1719 1563 Ob—
1746 1524 1797 1578 (p.
1814 1524 1934 1570 560.)

1054 1613 1224 1643 servare,
1250 1611 1504 1648 cognoscere.
1541 1597 1653 1646 Virg.
1675 1596 1773 1635 Aen.
1799 1597 1866 1633 lib.
1884 1610 1932 1633 11:

1054 1674 1090 1706 et
1113 1668 1276 1720 vestigia
1310 1674 1415 1704 retro
1447 1666 1665 1704 Observata
1700 1680 1840 1720 sequor
1865 1680 1937 1719 per

1052 1744 1212 1775 noctem.
1252 1737 1500 1781 Observare,
1525 1738 1680 1774 curiose
1712 1741 1752 1773 et
1773 1737 1937 1788 suspici-

1054 1813 1115 1845 tcr
1140 1808 1286 1844 circum
1311 1807 1501 1857 aspicere.
1531 1806 1696 1842 Plautus
1714 1806 1937 1843 Aulularia:

1054 1878 1179 1914 oculos
1209 1890 1275 1926 eqo
1303 1876 1374 1913 tibi
1400 1877 1506 1919 istos,
1535 1874 1721 1927 improbe,
1748 1874 1938 1926 ecfodiam

1054 1946 1134 1991 tibi,
1160 1946 1224 1983 Ne
1246 1959 1303 1982 me
1325 1945 1528 1982 observare
1540 1946 1679 1995 possiS,
1694 1946 1791 1998 quid
1807 1959 1938 1982 rerum

1050 2030 1200 2068 ‚qeram.
1225 2015 1467 2060 Observare,
1480 2020 1651 2066 captare.
1668 2015 1778 2066 Virg.
1793 2014 1940 2065 Georg.

1056 2087 1124 2123 lib.
1145 2100 1231 2123 1111:
1259 2099 1354 2136 quos
1385 2086 1508 2123 daras
1546 2091 1682 2122 arator
1718 2084 1940 2122 Observans

1056 2156 1148 2193 nido
1168 2155 1346 2208 inplumis
1370 2155 1555 2192 detraxit.
1590 2154 1767 2191 Lucilius
1800 2155 1867 2192 lib.
1895 2161 1937 2192 10

1058 2240 1188 2263 xxvii:
1208 2226 1312 2279 quod
1324 2226 1361 2261 si
1372 2224 1552 2261 observas
1567 2225 1771 2268 hominem,
1786 2225 1856 2278 qui
1867 2238 1941 2277 pro

1059 2295 1249 2333 commodo
1287 2300 1323 2331 et
1349 2307 1467 2346 reqno
1489 2295 1678 2346 gaudeat.
1726 2295 1944 2332 Terentius

1056 2407 1191 2437 verbum
1216 2406 1418 2436 inusitatum
1442 2409 1503 2434 aut
1528 2403 1721 2445 ζητημάτων
1746 2403 1878 2445 chuil.
1906 2402 1944 2440 2,

1058 2463 1095 2495 9.
1121 2463 1225 2494 Dusa.
1250 2461 1527 2505 expet-flef'actum
1551 2474 1585 2493 α.
1612 2467 1638 2492 t.
1663 2461 1697 2492 J.
1721 2466 1891 2503 expertem
1914 2467 1944 2491 tc

1055 2520 1186 2563 factam
1210 2518 1290 2550 adv.
1316 2518 1375 2561 off.
1401 2517 1533 2549 domum
1558 2518 1721 2561 churet.
1746 2517 1792 2548 V.
1809 2518 1848 2548 L.
1881 2515 1944 2555 18,

1063 2574 1123 2607 14.
1150 2586 1190 2606 cx
1208 2575 1345 2606 Plauto.
1373 2575 1579 2606 tenebrosum
1605 2585 1672 2606 om.
1694 2574 1944 2617 cherc.LipS.

1061 2644 1115 2675 ep.
1133 2645 1165 2675 q.
1196 2631 1233 2667 4,
1255 2631 1318 2663 19.
1340 2643 1379 2663 ex
1395 2632 1533 2664 Plauto.
1560 2631 1730 2662 dominum
1754 2631 1789 2662 J.
1814 2631 1946 2662 domum

1061 2691 1159 2733 Lips.
1186 2701 1240 2732 ep.
1260 2701 1289 2731 q.
1315 2687 1351 2724 5,
1370 2687 1430 2720 12.
1455 2689 1545 2720 domi
1568 2688 1696 2732 chips.
1723 2687 1824 2720 Obsc.
1850 2701 1876 2719 c.
1901 2692 1946 2718 te-

1060 2748 1235 2778 nebrosum
1258 2746 1331 2776 sine
1354 2747 1378 2777 l.
1403 2745 1434 2777 b.
1461 2758 1486 2777 s.
1505 2746 1643 2780 benninc,
1670 2745 1887 2776 tenebrosum.
1913 2755 1948 2780 20

1067 2804 1166 2845 Virq.
1193 2802 1333 2844 chcrc.
1356 2803 1501 2844 primam
1525 2802 1627 2843 Virg.
1666 2803 1711 2833 cf.
1738 2814 1771 2844 p.
1792 2801 1885 2837 519,
1910 2812 1945 2837 30

1064 2859 1128 2891 52.
1142 2860 1227 2891 Aul.
1241 2858 1285 2890 cf.
1299 2871 1330 2901 p.
1343 2857 1436 2895 275,
1451 2858 1510 2891 10.
1535 2858 1667 2890 credidi
1680 2857 1724 2890 G.
1736 2855 1946 2901 (μηδ-,2560)

1065 2917 1104 2948 Β.
1120 2916 1178 2947 iii:
1197 2927 1280 2959 quos
1296 2914 1383 2948 L-G.
1404 2913 1946 2957 cf.p.9.88.5.audeatcj.1un.10
