2174 3267
500 201 532 238 Ι.
586 199 660 237 DE
688 199 1091 240 PROPRIETATE
1121 198 1446 240 SERMONUM.

61 316 104 346 10
175 308 375 351 luminu,
402 306 680 352 eoniunctum3
706 322 727 344 a
752 307 842 358 iugo
868 307 926 344 di-

55 382 169 414 ctum.
215 375 298 413 Cic.
323 375 634 414 Tusculanarum
667 377 736 414 lib.
763 376 822 413 iii:
859 377 928 414 hoc

55 445 205 500 quidem
238 452 294 483 est
330 459 521 483 commune
554 447 761 490 virtutum3
801 460 927 485 omnes

54 515 151 552 enim
179 515 283 552 inter
307 528 347 552 se
374 516 514 567 iuqutoe
542 522 647 553 sunt.

103 583 281 622 Pnonms
313 585 474 631 dietum,
497 585 677 631 interius,
699 585 878 637 longius;
906 601 926 624 a

50 653 306 704 prodeundo,
334 655 443 706 quasi
466 668 586 705 porro
617 655 757 692 eundo.
798 656 925 693 varro

51 724 216 774 Virgula
239 724 392 761 divina:
417 725 584 776 primum
602 726 705 761 venit
734 726 776 761 in.
796 725 925 763 urbem

54 798 172 847 atque
199 793 307 830 intra
329 807 457 831 muros
465 809 481 839 ‚-
511 794 648 831 deinde
672 796 820 832 accedit
838 809 925 848 pro-

51 863 160 907 dius,
187 868 304 918 atque
326 865 461 901 introit
478 864 640 908 domum,
669 865 709 902 id
735 870 807 911 est,
823 866 924 903 intra

50 926 225 983 privatos
251 947 393 971 muros.

100 1001 315 1040 GRANARIA
333 1004 422 1041 loca
435 1003 475 1039 in
485 1002 635 1041 horreis
649 1004 848 1042 servandis
865 1017 924 1042 se-

50 1072 195 1110 minum
218 1073 361 1123 graniS.
384 1074 512 1111 Varro
525 1071 924 1111 Gerontodidasealoz

49 1142 109 1178 vel
127 1143 254 1179 decem
273 1144 427 1187 mensis,
449 1143 515 1180 ubi
538 1156 619 1180 unu
645 1144 812 1196 soepiunt‘
833 1156 924 1194 yru-

52 1220 98 1249 20
114 1212 246 1248 naria.

101 1281 348 1325 Toncnmm,
381 1280 489 1332 quod
517 1293 590 1317 usu
612 1279 786 1317 torcular
810 1280 924 1325 dieog

28 1351 156 1402 yquod
187 1350 377 1387 intortum
417 1350 575 1387 laticem
609 1350 700 1387 vitis
732 1349 796 1387 vel
828 1349 924 1386 oleae

26 1403 31 1448 ἶ,
51 1421 279 1471 exprimant.
350 1419 477 1457 Varro
521 1418 922 1457 Gerontodidasealo:

26 1476 29 1480 λ
48 1490 170 1526 vineis
193 1489 259 1527 ubi
279 1489 408 1543 {mzpla
433 1489 530 1528 cella
554 1489 740 1527 torculum
769 1502 924 1542 respon-

49 1560 153 1597 deut.

103 1630 333 1668 CINGlLLUM
362 1645 382 1667 a
407 1631 625 1682 cingendo,
664 1630 770 1682 quod
802 1630 926 1667 incin—

47 1699 178 1750 gulum
191 1700 422 1753 plerumque
438 1701 596 1738 dieitur.
626 1700 752 1737 Varro
770 1699 925 1737 Geron-

51 1770 324 1808 todidasealo:
352 1784 467 1807 novos
488 1772 651 1808 niuritus
672 1770 851 1807 tacitulus
870 1774 928 1805 ta-

53 1839 129 1876 xim
157 1840 286 1876 uxoris
310 1839 478 1876 solvebat
505 1839 712 1889 cinquhwn.

92 1930 137 1962 A.
168 1929 283 1963 1585.
309 1931 597 1963 Eudaemionibus
620 1930 655 1962 J.
682 1928 927 1960 Eumenidibus

95 1988 204 2019 Turn.
228 1986 293 2018 29.
324 1986 383 2018 17.
423 1999 508 2031 quae
532 1999 584 2017 res
618 1985 727 2017 MSS.
769 1996 873 2029 quare
896 1985 927 2015 si

93 2044 128 2076 J.
165 2043 255 2086 conj.
280 2044 327 2074 M.
352 2044 496 2085 Popma.
528 2054 687 2086 quaeres,
720 2042 752 2071 si
776 2041 927 2072 Turneh.

94 2099 160 2132 29.
201 2099 260 2131 17.
305 2098 712 2131 ΕΤΛΑΟΥΡΕΠΟΤΕ
743 2096 848 2129 MSS.
894 2102 925 2127 ct

95 2153 255 2187 οὖδέποτε
287 2155 332 2187 Α.
384 2161 416 2186 et
452 2152 519 2185 ἄλλ’
551 2151 712 2185 οὗὸἐποτε
740 2153 773 2185 J.
822 2164 927 2196 quare

95 2213 126 2244 si
156 2213 192 2244 in
225 2224 254 2244 s.
286 2212 458 2249 recideris,
485 2210 518 2242 ἓν
541 2209 622 2253 ᾅδου
650 2230 683 2234 —
711 2210 777 2240 eris
812 2209 853 2252 cj.
877 2209 925 2239 M.

92 2280 231 2312 quaeres
261 2269 293 2299 si
324 2268 360 2298 in.
395 2279 424 2299 s.
451 2280 481 2299 r.
508 2266 542 2297 ἓν
565 2264 648 2309 ᾅδου
672 2263 820 2305 πὴποτε,
858 2265 925 2295 eris

94 2324 201 2356 Turn.
225 2324 288 2356 29.
308 2323 371 2356 17.
396 2325 432 2355 in
448 2335 597 2355 somnum
613 2323 757 2365 Popma.
789 2332 921 2365 expe-rr.

94 2380 286 2424 cj.Bentin.
297 2380 496 2425 expertuvel
512 2379 713 2423 exporqilus
734 2377 924 2420 cj.Popma.

98 2448 130 2472 ιο
152 2437 280 2468 dictum
304 2441 354 2467 est
376 2436 520 2467 interius
543 2436 590 2466 A.
615 2433 652 2466 itl
675 2440 725 2465 est
753 2452 788 2457 -
815 2444 925 2463 muros

95 2505 162 2525 om.
186 2494 330 2535 Popma.
355 2492 488 2536 sepiant
509 2491 689 2534 granaria.
720 2489 838 2522 Vincis
863 2487 926 2519 25.

94 2549 191 2583 Scal.
217 2548 308 2592 conj.
336 2560 415 2591 app.
443 2546 532 2580 101.
556 2558 591 2581 20
617 2547 785 2578 torculare
798 2544 922 2593 ‹Poeni-

95 2618 168 2637 cum
200 2604 292 2637 Seal.
317 2604 407 2647 conj.
431 2615 511 2647 app.
535 2616 569 2647 p.
599 2592 925 2646 lffs‘sswsjmndeat

98 2662 161 2693 W.
186 2662 225 2692 L.
249 2672 316 2704 mg.
346 2660 382 2692 J.
430 2664 594 2704 reponant
628 2657 674 2690 A.
709 2657 744 2689 J.
778 2658 923 2700 Popma.

96 2717 275 2760 eingillum
297 2717 364 2747 W.
388 2717 428 2748 L.
454 2716 515 2747 cfr.
539 2715 646 2747 Turn.
673 2713 737 2746 29.
759 2712 820 2744 17.
846 2712 926 2744 taci-

98 2777 197 2802 turus
206 2772 319 2804 W.L.
330 2774 374 2804 A.
385 2772 419 2805 J.
444 2773 569 2803 tacitus
590 2783 656 2812 mg.
669 2771 703 2803 J.
715 2769 822 2801 Turn.
835 2768 926 2801 Scal.

97 2828 142 2858 ad
187 2827 283 2858 Fest.
329 2840 362 2871 p.
396 2828 463 2860 41.
506 2828 624 2860 uxost's
652 2828 691 2859 L.
727 2827 837 2858 usosis
881 2827 926 2858 A.

102 2881 217 2914 1526.
240 2883 276 2915 J.
295 2885 414 2916 uxoris
438 2884 481 2927 ej.
501 2885 641 2916 Bentin.
664 2894 734 2925 mg.
759 2882 793 2914 J.
819 2881 925 2913 Turn.

98 2939 192 2973 Seal.

240 2940 412 2983 cingulum
448 2941 658 2972 silicernimn
704 2937 766 2970 48.
805 2937 843 2969 »4.
879 2939 925 2970 Α.

1808 203 1867 241 55

1044 307 1246 345 TU‘nmNA
1278 308 1350 346 (lea
1390 313 1471 355 est,
1512 323 1534 346 a
1564 308 1712 346 tuendo
1751 308 1868 347 dicta.

992 377 1118 415 Varro
1142 378 1338 415 Hercules
1365 382 1469 415 tuam
1488 378 1625 416 fidem:
1653 392 1730 416 non
1759 379 1866 417 Tuti-

991 447 1131 491 linam,
1162 460 1277 500 quam
1306 460 1373 498 eqo
1395 447 1476 499 ipse
1508 448 1663 492 invoco,
1697 448 1802 504 quod
1821 457 1867 486 30

990 530 1080 552 meoe
1108 515 1240 552 Aures
1269 515 1336 552 ahs
1364 520 1402 552 te
1430 515 1669 554 obsidentur.

1044 584 1237 621 Tuum-s
1255 584 1368 629 deus,
1388 599 1409 622 a
1424 586 1599 623 tutando.
1628 587 1755 625 Varro
1767 587 1870 625 Her-

992 653 1099 691 cules
1115 657 1219 690 tuam
1232 653 1367 691 fidem:
1399 660 1514 692 noctu
1527 655 1765 693 Hannibalis
1787 671 1871 695 cum

989 721 1127 774 fuyavi
1145 725 1365 768 exercitum,
1393 724 1592 768 Tutunus,
1614 726 1685 763 hoc
1713 721 1871 777 (psffl.)

998 792 1190 830 Tutanum
1214 793 1344 832 Romae
1366 808 1596 848 nuncupw'3
1620 795 1871 848 Hucpropter

991 875 1134 907 omnes,
1158 864 1227 917 qui
1250 863 1452 908 laborant,
1481 864 1675 902 invocant.

1041 932 1307 971 Samnnmuu
1333 933 1501 985 pessime
1520 933 1800 984 intellegentes
1818 933 1872 970 ita

990 1003 1170 1053 posuisse
1203 1002 1436 1040 Terentium
1476 1007 1641 1054 putant,
1678 1003 1782 1055 quod
1832 1004 1872 1040 in

990 1073 1180 1109 curvitate
1217 1072 1347 1110 silices
1382 1077 1517 1110 cernat
1546 1086 1678 1110 senex.
1711 1073 1872 1110 Silieer-

992 1141 1095 1178 nium
1131 1146 1191 1178 est
1233 1141 1394 1191 proprie
1432 1142 1653 1180 convivium
1690 1142 1870 1187 funebre,

993 1210 1100 1262 quod
1128 1209 1287 1247 senibus
1319 1209 1542 1247 exhibetur.
1586 1211 1713 1249 Varro
1742 1211 1869 1249 Mele-

993 1280 1119 1331 agris:
1144 1278 1264 1326 fimus
1298 1280 1530 1334 exsequiutis
1571 1280 1689 1317 laude
1724 1281 1777 1317 ad
1813 1293 1871 1317 se-

989 1349 1167 1403 pulcrum
1200 1350 1362 1403 antiquo
1388 1363 1492 1386 more
1522 1350 1758 1387 silicernium
1785 1363 1873 1387 cou-

991 1418 1171 1466 fecimus,
1211 1418 1254 1455 id
1295 1424 1375 1462 est,
1416 1414 1681 1470 neoiffemvo:
1721 1434 1796 1474 quo
1827 1427 1871 1457 10

989 1489 1131 1541 pransi
1171 1488 1408 1526 discedentes
1453 1490 1614 1526 dicimus
1656 1489 1756 1526 alius
1804 1489 1875 1526 ulii

990 1559 1089 1596 vale.

1044 1628 1344 1666 SUFFUNDATL’M
1372 1628 1519 1665 dietum
1542 1633 1602 1666 est
1627 1628 1871 1673 suliieetum3

992 1697 1139 1734 dietum
1168 1713 1188 1734 a
1212 1698 1485 1735 fundamentis.
1514 1698 1641 1735 Varro
1667 1698 1766 1735 TaFe
1791 1712 1871 1734 me-

992 1767 1136 1817 nippu:
1192 1772 1236 1803 ut
1288 1767 1444 1820 antiqui
1487 1774 1661 1804 nostrum
1701 1767 1871 1804 domibus

992 1836 1179 1873 latericiis
1200 1836 1401 1886 paululum
1431 1836 1541 1873 modo
1572 1836 1758 1889 lupiditus
1790 1836 1872 1884 suf-

1040 1928 1197 1959 Tutilina
1220 1932 1301 1971 post
1325 1929 1485 1960 invocant
1508 1927 1575 1960 48.
1600 1929 1636 1960 5.
1662 1931 1709 1961 A.
1749 1927 1868 1968 fidem.-

1036 1983 1111 2015 Non
1140 1983 1175 2014 T.
1199 1984 1354 2028 inquam,
1378 1996 1407 2016 e.
1432 1984 1458 2016 i.
1484 1985 1508 2014 i.
1532 1985 1629 2016 Scal.
1656 1984 1746 2027 conj.
1764 1983 1871 2026 p.59.

1035 2043 1069 2071 et
1093 2052 1125 2083 p.
1143 2038 1209 2071 49.
1235 2049 1271 2073 30
1295 2038 1502 2071 obsidentur.
1528 2039 1659 2071 Cetarii
1683 2039 1749 2077 49,
1764 2038 1812 2070 12
1825 2039 1869 2070 A.

1037 2096 1192 2126 Tutunus
1214 2098 1295 2138 post
1313 2094 1511 2138 proboscide
1535 2093 1600 2126 49.
1630 2094 1689 2126 11.
1714 2094 1758 2126 Α.

987 2163 1069 2196 pag.
1095 2150 1160 2183 48.
1184 2150 1370 2181 exercitum
1396 2155 1531 2181 tulatus
1564 2150 1605 2193 cj.
1630 2150 1665 2183 J.
1713 2157 1870 2183 turanum

1032 2219 1120 2239 rome
1136 2205 1306 2239 W.LA.
1335 2206 1491 2237 Tutunus
1504 2206 1580 2242 hoc,
1610 2207 1868 2239 Tutanu'Seal.

1033 2263 1167 2295 tutanu’
1206 2264 1319 2295 Romu:
1357 2262 1400 2306 ej.
1433 2263 1542 2294 Turn.
1580 2262 1644 2295 29.
1686 2263 1748 2295 17.
1797 2264 1870 2295 Hoc

1029 2325 1167 2365 propter
1200 2319 1243 2362 cj.
1268 2320 1315 2351 M.
1337 2319 1369 2351 1.
1394 2319 1487 2351 Seal.
1512 2320 1601 2351 coni.
1625 2331 1658 2362 p.
1685 2319 1752 2353 59.
1792 2320 1867 2351 hac-

1028 2381 1167 2420 propler
1202 2375 1294 2408 Scal.
1330 2380 1398 2408 cat.
1437 2388 1470 2419 p.
1507 2375 1597 2407 228.
1632 2375 1724 2408 267.
1759 2376 1867 2407 Turn.

1035 2443 1142 2463 exere.
1169 2437 1303 2463 tutatus
1319 2451 1353 2456 —
1371 2438 1570 2476 nuncupant
1590 2432 1680 2475 conj.
1706 2431 1867 2464 Gerlach.

1032 2489 1186 2519 exibetur
1210 2489 1248 2520 L.
1287 2489 1479 2532 exiquiatis
1504 2489 1570 2520 W.
1592 2489 1632 2520 L.
1671 2489 1866 2532 exequiutis

1032 2542 1079 2575 Α.
1118 2544 1292 2588 exequiati
1328 2543 1444 2577 1526.
1469 2545 1503 2576 J.
1533 2543 1651 2577 1585.
1688 2538 1746 2577 vex.
1773 2546 1868 2576 laute

1035 2600 1078 2642 ej.
1114 2599 1208 2642 Lips.
1237 2601 1371 2644 Popma
1406 2613 1458 2633 ex.
1495 2613 1569 2632 eum
1601 2603 1700 2633 luuso
1738 2600 1866 2632 Guliel.

1035 2655 1070 2687 5.
1110 2654 1169 2687 12.
1206 2656 1304 2700 impr.
1336 2658 1383 2690 M.

1037 2712 1108 2743 cuti
1149 2712 1252 2743 laude
1285 2714 1418 2745 Perott.
1486 2715 1620 2745 execat?
1658 2725 1728 2745 cum
1763 2712 1868 2743 laude

1036 2767 1077 2811 ej.
1100 2767 1134 2799 J.
1186 2776 1218 2801 ¹0
1240 2769 1506 2802 IIEPIAEITI
1539 2783 1605 2802 non
1626 2780 1691 2812 quo
1730 2769 1797 2798 KV.
1828 2769 1865 2799 L.

1036 2821 1248 2866 περίὸἒιπνον
1289 2825 1405 2859 Cuiac.
1444 2827 1533 2858 Obs.
1569 2824 1629 2856 11.
1655 2824 1718 2855 21.
1756 2824 1864 2855 Turn.

1038 2879 1101 2911 29.
1132 2879 1192 2911 17.
1217 2881 1357 2925 Popma.
1399 2885 1471 2924 περὶ.
1498 2884 1600 2922 μέθης
1630 2893 1695 2912 non
1729 2892 1792 2924 qno
1817 2879 1862 2910 A.

1440 2657 1541 2689 avide
1578 2658 1670 2701 conj.
1706 2657 1752 2689 M.
1793 2667 1867 2687 exe-

1037 2936 1072 2967 in
1096 2947 1158 2979 quo
1180 2936 1321 2980 Popma.
1345 2939 1378 2971 in
1402 2948 1467 2980 quo
1483 2957 1516 2961 -—
1532 2938 1598 2968 alii
1619 2937 1702 2968 aliis
1725 2937 1864 2967 Pei-ott.

1471 2990 1499 3027 5
