2174 3267
431 179 531 218 1111.
584 178 658 217 DE
687 177 863 217 VARIA
890 177 1357 218 SIGNIFICATIONE
1387 177 1717 217 SERMONUM.

138 287 289 326 Officiis
309 287 376 324 lib.
397 300 462 323 111:
492 292 697 340 emptorem
718 286 933 324 indemnem
950 287 1019 324 da-

138 372 225 395 mno
248 357 450 410 praestari
467 362 655 409 oportere.
688 356 897 394 Praestare
924 357 1019 394 (lici-

139 433 204 465 tur
238 426 522 464 consuetudine
558 425 793 463 beneficium
827 427 932 463 (lare.
963 426 1020 463 M.

139 497 309 534 Tullius.
347 495 571 540 Praestare,
604 495 804 533 exhibere.
838 495 896 532 M.
920 495 1021 532 Tul-

138 567 214 603 lius
241 566 290 602 ad
313 565 519 602 Caesarem
542 565 733 602 iuniorem
764 565 832 602 lib.
853 579 886 601 1:
925 570 968 601 tu
990 566 1024 601 si

138 649 260 672 meam
290 634 408 684 fidem
436 635 698 685 praestiteris,
738 635 842 688 quod
874 633 1022 682 confido

678 704 731 740 Et
775 705 823 741 de
870 704 1023 741 Officiis

135 773 204 811 lib.
220 787 282 810 111:
305 786 411 816 nam,
436 786 520 809 cum
541 786 588 808 ex
613 773 740 809 duode
763 774 899 825 linqua
923 787 1023 809 nun-

143 712 187 742 10
218 710 255 741 te
294 717 374 740 esse
411 704 624 752 facturum.

137 848 295 896 cupata.
340 842 576 887 Praestare,
615 842 869 879 antecellere.
912 843 1023 893 virg.

135 912 208 952 lib.
227 926 303 949 xu:
333 926 353 948 o
376 918 587 965 praestans
611 913 734 948 (zizimi
750 913 907 949 iuvenis.
937 911 1024 948 Sal-

136 982 277 1019 lustius
303 982 345 1018 in
380 981 576 1019 Catilinae
595 981 723 1019 hello:
755 984 874 1019 omnis
907 981 1024 1017 homi-

137 1065 220 1096 nes,
244 1052 313 1102 qui
338 1064 420 1088 sese
440 1052 597 1088 student
615 1056 838 1103 praestare.
871 1053 1024 1090 Teren-

140 1122 217 1161 tius
238 1121 468 1158 Formione:
506 1122 567 1157 vir
591 1121 673 1157 viro
701 1121 798 1174 quid
816 1122 1024 1174 praestat?

138 1191 195 1229 M.
213 1191 372 1228 Tullius
403 1191 443 1227 in
472 1190 640 1229 Verrem
667 1191 887 1228 Siciliensi:
916 1193 1026 1229 uimi-

139 1275 225 1297 rum
251 1261 309 1297 illi
329 1274 406 1296 non
430 1260 583 1311 inqenio
607 1260 727 1296 solum
751 1261 811 1296 his
831 1262 1026 1313 patroniS‚

137 1331 209 1367 sed
234 1330 398 1381 fortuna
427 1333 541 1367 etiam
564 1331 864 1383 praestiterunt.
906 1330 1024 1367 Luci-

138 1400 215 1437 lius
252 1400 320 1437 lib.
353 1414 483 1438 xxvii:
525 1402 562 1436 si
594 1399 715 1451 facies
749 1406 946 1453 praestat,
992 1401 1027 1437 si

518 1470 574 1507 M.
602 1470 760 1507 Tullius
791 1470 840 1507 [le
872 1470 1025 1507 Officiis

142 1548 189 1581 20
218 1540 286 1576 lib.
306 1555 357 1577 11:
387 1540 484 1594 quid
509 1540 608 1577 enim
643 1545 712 1583 est,
734 1553 806 1593 per
840 1541 930 1577 deos
957 1541 1025 1577 im-

138 1483 299 1523 CDl'pOP'e
321 1483 473 1522 corpus.

140 1610 329 1647 mortalis!
342 1609 547 1662 optabilius
565 1611 758 1662 sapientia
771 1610 789 1646 Ρ
804 1611 901 1664 quid
910 1625 1027 1662 prae-

137 1679 346 1716 stabilius?
365 1680 468 1716 Etin
482 1680 722 1717 Hortensio:
741 1682 876 1733 itaque
896 1694 964 1717 nec
988 1682 1028 1717 in

137 1749 378 1802 philosophia
390 1751 571 1802 cuiquam
596 1751 708 1786 cessit
735 1755 770 1786 et
784 1751 1030 1801 vitae‘qravi-

143 1825 224 1856 tate
239 1820 448 1870 praestitit.
460 1819 590 1856 Varro
604 1819 954 1871 Quinquatrulius:
979 1833 1032 1857 an

142 1890 212 1926 hoc
222 1894 401 1942 praestat
413 1887 623 1937 Ilerosilius
632 1888 825 1939 Dioqene?
835 1889 1032 1935 Praestat,

144 1960 240 1997 utile
275 1963 347 1996 est.
390 1959 500 2009 Virg.
530 1959 631 1996 Aen.
663 1959 731 1996 lib.
753 1975 816 1995 111:
852 1966 1032 2012 praestat

149 2029 336 2066 Trinacri
355 2034 474 2065 metas
498 2029 669 2065 lustrare
690 2029 882 2079 Pachyni.
915 2029 1032 2066 Luci-

144 2099 223 2136 lius
247 2098 316 2136 lib.
337 2113 439 2135 xxx:
469 2099 528 2135 uti
548 2099 731 2151 pecudem
762 2104 823 2141 tu,
861 2099 1032 2135 asinum-

145 2183 220 2223 que
246 2174 289 2207 ut
318 2169 486 2222 denique
519 2170 631 2205 nasci
652 2168 923 2205 Praestiterit.
974 2169 1032 2206 M.

146 2239 307 2277 Tullius
335 2239 383 2275 de
418 2238 658 2275 Senectute:
697 2251 745 2274 ne
780 2251 843 2275 vos
879 2238 1034 2291 quidem

152 2309 232 2345 Titi
250 2308 375 2346 Ponti
398 2309 596 2345 centurini
622 2309 713 2345 viris
738 2307 910 2345 habetis:
943 2323 1034 2345 num

147 2379 293 2416 idcirco
322 2384 379 2416 est
406 2379 468 2415 ille
492 2378 795 2430 praestantior?

150 2457 196 2486 30
268 2449 374 2486 Pium
404 2449 548 2486 dieitur
576 2448 816 2499 religiosum.
856 2448 965 2498 Virg.
990 2447 1029 2484 in

149 2517 297 2569 Georg.
320 2518 387 2556 lib.
410 2532 474 2555 111:
507 2518 552 2555 di
577 2518 736 2555 meliora
767 2519 856 2571 piis.
902 2518 1030 2563 Pium,

150 2594 309 2626 castum.
335 2589 446 2639 Virg.
477 2588 546 2625 lib.
572 2602 631 2625 vi:
662 2589 806 2642 quique
830 2589 888 2641 pii
913 2589 1027 2625 vatis.

149 2698 322 2740 praestari
349 2708 402 2741 op.
429 2696 503 2729 Cic.
529 2696 591 2728 Or.
638 2709 680 2727 cx
705 2696 879 2728 duodecim
906 2697 1034 2728 tulmlis

155 2762 187 2787 jn
211 2754 298 2783 sutis
321 2760 406 2784 esset
431 2766 469 2784 ea
489 2754 666 2798 praestari
690 2765 775 2797 quae
789 2759 897 2783 essent
914 2754 1035 2796 linqua

152 2815 349 2852 nuncupata
368 2809 477 2845 orell.
499 2810 766 2852 ilayueomffv.
800 2814 849 2839 est
873 2810 970 2844 enim,
996 2821 1030 2849 p.

151 2878 187 2901 20
202 2867 252 2903 d.‚
278 2872 344 2908 opt.
361 2891 368 2898 .
381 2868 632 2910 .praestantius
647 2867 710 2898 Or.
726 2866 894 2909 Diogenes
907 2865 940 2896 J.
968 2865 1033 2895 He-

151 2923 308 2966 rophilus
320 2922 458 2965 ὃιογενὴς
480 2923 575 2966 ng.
603 2929 646 2961 te,
664 2930 702 2955 ut
718 2923 756 2955 d.
769 2923 864 2958 nasci
880 2923 940 2953 Pr.
966 2923 1033 2954 asi-

1878 177 1968 215 255

1138 288 1398 326 Pmmpmm
1437 291 1498 324 est
1531 285 1668 324 iubere
1704 285 1768 323 vel
1795 297 1969 322 monere.

1085 357 1197 408 Virg.
1219 357 1286 394 lib.
1304 371 1364 393 XI:
1394 358 1469 408 ipsi
1483 367 1762 409 numerumque
1782 348 1968 404 (p.572.)

1085 427 1313 479 modumque
1344 426 1489 463 carinis
1511 425 1782 476 Praecipiunt.
1826 423 1880 460 Et
1901 422 1969 458 lib.

1086 509 1196 532 vnn.-
1239 508 1406 548 namque
1443 496 1499 531 ita
1532 494 1733 530 discedens
1764 504 1971 546 praecepe-

1087 570 1152 601 rat
1181 566 1346 618 optimus
1383 566 1503 600 armis
1535 565 1709 600 Aeneas.
1755 562 1972 599 Terentius

1086 635 1125 671 iu
1146 634 1318 671 Adelfis:
1347 647 1437 670 nam
1466 634 1561 687 quid
1582 638 1623 670 tu
1643 633 1704 669 hic
1728 645 1848 683 agas,
1885 631 1973 674 Ubi,

1087 705 1124 740 si
1137 704 1234 756 quid
1247 703 1340 740 bene
1349 704 1585 756 praecipias,
1598 716 1704 739 nemo
1715 700 1971 754 obtemperet?

1088 772 1266 810 Lucilius
1290 773 1360 809 lib.
1377 787 1492 810 xxvi:
1520 786 1639 825 porro
1665 774 1779 808 amici
1805 777 1861 808 est
1880 771 1974 807 bene

1087 843 1327 896 praecipere,
1354 843 1470 886 tueri,
1501 842 1594 878 bene
1616 842 1865 894 praedicare.
1913 839 1971 877 M.

1090 913 1251 951 Tullius
1285 913 1334 950 de
1357 912 1509 949 Officiis
1539 911 1607 949 lib.
1632 924 1696 948 111:
1726 925 1796 948 nec
1823 913 1974 948 omnino

1090 983 1297 1036 quicquam
1329 982 1378 1018 de
1412 995 1454 1018 eo
1485 995 1627 1034 genere
1654 981 1973 1033 praecipiendum

1088 1051 1240 1103 fuisset.
1284 1052 1332 1088 In
1368 1052 1611 1089 Hortensio:
1646 1053 1894 1104 praecipiunt
1928 1058 1970 1088 10

1089 1122 1183 1159 haec
1224 1122 1302 1165 isti,
1339 1127 1398 1158 set
1433 1121 1530 1172 facit
1565 1135 1688 1159 nemo.
1720 1121 1976 1172 Praecipere,

1090 1191 1335 1241 praevenire.
1365 1191 1476 1240 virg.
1490 1191 1558 1227 lib.
1571 1205 1630 1227 xi:
1653 1192 1877 1243 exultatque
1892 1191 1977 1227 ani-

1090 1261 1181 1303 mis,
1218 1265 1254 1296 et
1281 1273 1349 1312 spe
1382 1262 1458 1296 iam
1494 1261 1688 1312 praecipit
1727 1260 1885 1298 hostem.
1924 1260 1977 1296 Et

1089 1329 1158 1366 lib.
1178 1343 1240 1365 Vl:
1271 1330 1400 1365 onmia
1418 1331 1605 1381 praecepi
1620 1335 1738 1382 atque
1763 1330 1890 1365 animo
1905 1342 1980 1364 me-

1089 1413 1174 1437 cum
1202 1405 1293 1436 ante
1317 1400 1466 1452 pereji.

1142 1468 1363 1505 PULSATUM
1387 1468 1581 1519 signifieat
1604 1481 1847 1519 percussum.
1864 1468 1977 1519 virg.

1092 1538 1161 1575 lib.
1185 1552 1243 1577 vi:
1270 1539 1495 1590 pulsatusve
1511 1551 1672 1591 parens,
1696 1544 1766 1574 aid
1785 1537 1897 1588 fraus
1922 1539 1980 1574 in-

1092 1621 1194 1645 nexa
1221 1608 1360 1645 clienti.
1403 1608 1460 1646 M.
1487 1608 1645 1645 Tullius
1669 1608 1717 1644 (le
1739 1607 1978 1658 Suppliciis:

1092 1679 1245 1715 lictores
1271 1679 1561 1715 circumsistunt
1584 1679 1850 1721 valentissimi,
1868 1682 1905 1713 et
1928 1676 1982 1713 ad

1090 1748 1305 1800 pulsandos
1321 1747 1660 1801 verberandosque
1684 1748 1854 1784 homines
1873 1760 1982 1783 exer-

1096 1817 1324 1854 citatissimi.
1370 1817 1590 1862 Pulsatum,
1622 1818 1820 1854 violatum.
1868 1817 1980 1866 Virg.

1094 1887 1163 1924 lib.
1186 1902 1262 1924 111:
1288 1888 1463 1939 pulsatos
1483 1886 1658 1938 referens
1682 1887 1824 1938 infecto
1849 1886 1907 1938 fe·
1930 1895 1976 1924 20

1095 1958 1187 1994 dere
1216 1958 1336 1994 clivos.

1148 2027 1396 2064 Pnoncczmz
1442 2027 1586 2064 dieitur
1625 2026 1783 2078 longius
1825 2027 1981 2064 ducere.

1095 2098 1204 2149 Virg.
1228 2098 1328 2135 Aen.
1350 2097 1418 2134 lib.
1439 2111 1488 2135 11:
1518 2097 1684 2148 abne-(sat
1712 2099 1839 2133 excisa
1863 2098 1983 2133 vitam

1094 2168 1310 2222 producere
1342 2167 1473 2203 Troia.
1516 2166 1694 2204 Lucilius
1724 2166 1791 2203 lib.
1820 2180 1982 2203 xxvnu:

1097 2244 1134 2276 et
1159 2241 1197 2275 si
1221 2239 1390 2274 retinere
1418 2238 1521 2274 hunc
1542 2238 1667 2282 voles,
1698 2239 1735 2274 si
1761 2238 1911 2288 longius
1946 2241 1983 2273 te

1094 2307 1375 2361 producturum
1402 2312 1439 2343 et
1465 2307 1627 2344 diutius.
1673 2307 1728 2345 Μ.
1752 2306 1909 2344 Tullius
1933 2306 1982 2343 de

1099 2379 1333 2416 Senectute:
1365 2377 1654 2430 conviviumque
1681 2377 1894 2413 vicinorum
1923 2390 1981 2413 co-

1096 2448 1190 2484 tidie
1211 2447 1403 2494 conpleto,
1438 2447 1543 2500 quod
1569 2447 1625 2483 ad
1642 2447 1800 2483 mzdtam
1820 2452 1981 2491 noctem,

1098 2531 1212 2572 qziam
1233 2530 1409 2554 maxume
1432 2530 1648 2570 possumus,
1675 2519 1783 2554 vario
1810 2530 1983 2553 sermone

1094 2588 1356 2641 producimus.
1386 2588 1514 2626 Varro
1544 2587 1657 2626 Onos
1685 2588 1814 2640 lyras.-
1842 2587 1980 2630 valete,

1099 2708 1177 2727 nuni.
1203 2695 1344 2733 Guil.2‚
1364 2696 1395 2728 1.
1422 2697 1481 2728 titi
1498 2696 1687 2740 pontificem
1708 2697 1818 2728 turini
1847 2697 1917 2727 viri
1933 2696 1981 2728 G.

1809 2754 1910 2783 Tusci
1934 2759 1983 2783 est

1101 2808 1240 2851 chlerc.
1263 2809 1458 2850 praedicere
1483 2810 1526 2853 cj.
1552 2812 1653 2841 idem.
1687 2812 1747 2841 isti
1771 2805 1981 2852 (pag.57(.’.)

1100 2865 1253 2908 sedfucit
1269 2865 1411 2907 cherc.
1438 2867 1524 2898 isti?
1552 2867 1613 2898 Or.
1639 2867 1697 2898 hoc
1711 2867 1770 2897 isti
1782 2881 1790 2897 .-
1814 2867 1933 2908 fragm.
1950 2876 1982 2899 10

1102 2922 1177 2955 Cic.
1198 2922 1350 2966 quotidie
1367 2924 1511 2967 compleo
1527 2923 1652 2955 Klotz.
1685 2923 1802 2954 Valele
1815 2933 1930 2964 meque
1946 2931 1982 2954 20

1100 2752 1143 2782 B.
1172 2753 1276 2783 Ponti
1302 2754 1507 2785 centurionis
1531 2756 1618 2785 viris
1643 2755 1765 2786 Klotz.
