2174 3267
1826 237 1901 264 xxi

77 342 155 388 cl'r.
188 338 305 385 Gell.
340 338 423 383 Vl.
466 334 550 395 15,
585 335 631 380 5.
699 335 908 382 Valerius
956 336 1157 396 Probus,
1202 338 1612 384 Grammaticorum
1645 338 1779 399 primi
1824 354 1901 382 516-

76 421 163 467 61111
195 437 239 482 p.
273 418 380 466 Chr.
415 435 458 462 n.
492 417 844 475 illustrissimus,
876 425 920 463 ct
953 420 1050 480 ipse
1083 418 1250 463 multos
1289 418 1731 464 Commentationum
1762 417 1904 464 libros

74 501 345 564 reliquerat,
394 499 474 544 cfr.
511 497 630 545 Gell.
664 498 701 542 Ι.
739 496 820 543 18.
853 498 911 543 id.
946 499 1056 545 XV.
1090 496 1178 556 50,
1213 497 1260 544 5.
1307 500 1385 561 qui
1429 499 1475 542 in
1522 506 1692 561 quanto
1727 498 1903 545 honore

77 582 274 640 fuerint,
324 580 474 625 multis
522 597 578 625 ex
622 579 735 625 locis
782 580 1069 625 manifestum
1115 586 1197 624 est.
1285 580 1520 624 Praeterea
1574 579 1677 624 Iulii
1730 582 1906 644 Hygini

76 663 399 710 Commentarii
433 663 479 707 in
511 660 771 724 Virgilium,
808 660 928 707 Gell.
963 661 1100 706 XXI.
1137 659 1184 706 2.
1219 661 1364 724 Largi
1397 661 1561 705 Licinii
1578 660 1909 707 Ciceromastix

76 744 393 791 Grammaticis
426 761 594 807 magno
629 745 728 788 usui
762 743 971 800 fuerunt,
1007 742 1127 789 Gell.
1161 743 1321 788 XVII.
1359 741 1409 801 1,
1445 740 1491 787 1.
1556 741 1717 788 Aelius
1752 743 1907 788 Melis-

74 843 178 883 sus,
226 825 364 872 Gellii
412 824 623 888 1611113115,
672 824 727 870 116
772 823 991 886 loquendi
1036 825 1317 887 proprietate
1363 822 1529 869 librum
1576 822 1742 881 edidit,
1787 822 1908 869 Gell.

75 910 258 955 XVIII.
293 909 344 969 6,
378 908 424 955 1.
491 909 587 956 Sed
635 925 792 955 omnes
838 925 1103 953 enumerare
1147 907 1337 971 longum
1383 914 1479 965 651,
1531 913 1575 951 61
1612 907 1719 950 satis
1758 904 1907 950 haheo

76 1009 155 1038 605
190 1007 594 1049 601111116111013556,
642 1005 835 1052 quorum
868 990 1037 1050 scripta
1070 996 1162 1033 tam
1194 988 1381 1051 vulgata
1413 988 1553 1033 fuisse
1588 986 1826 1044 videntur,
1861 991 1911 1029 ut

78 1071 149 1119 vel
183 1090 209 1118 a
245 1072 553 1119 Grammatico
587 1069 708 1115 facili
742 1071 929 1132 negotio
958 1071 1109 1132 parari
1142 1076 1343 1132 possent.

204 1155 279 1200 Ex
311 1155 380 1200 his
416 1153 624 1200 omnibus
659 1153 947 1198 manifestum
983 1159 1080 1210 est,
1126 1153 1359 1214 ingentem
1402 1150 1624 1198 librorum
1659 1151 1798 1197 fuisse
1835 1168 1909 1197 60-

76 1241 221 1302 piam,
269 1238 345 1299 qui
381 1236 437 1281 ad
471 1236 722 1280 litterarum
746 1235 1014 1279 Latinarum
1049 1241 1094 1279 et
1128 1235 1330 1296 inprimis
1361 1233 1679 1279 Grammaticae
1714 1233 1910 1277 studium

75 1318 436 1383 promovendum
470 1318 697 1364 facerent:
742 1317 823 1363 5611
870 1334 970 1362 611111
1016 1316 1234 1379 1111661313
1280 1316 1643 1362 doctissimorum
1678 1315 1911 1360 hominum

77 1402 267 1449 eruditio
302 1404 347 1446 in
382 1403 626 1447 innumeris
661 1402 996 1447 commentariis
1031 1399 1339 1446 diffusioribus
1376 1405 1496 1445 essct
1524 1397 1786 1455 recondita,
1835 1397 1912 1459 qui

77 1487 256 1532 nonnisi
291 1486 343 1530 iis
378 1485 478 1529 usui
513 1501 612 1530 esse
647 1490 910 1546 potuerunt,
948 1484 993 1527 in
1017 1481 1180 1545 quibus
1204 1483 1312 1545 ipsis
1348 1481 1497 1527 multae
1532 1480 1692 1525 littera}
1727 1496 1813 1525 1166
1847 1496 1910 1524 eae

76 1566 288 1630 vulgares
325 1573 491 1623 essent,
523 1565 650 1610 libris
686 1582 800 1627 opus
835 1565 974 1610 fuisse
1009 1563 1215 1618 videtur,
1265 1561 1456 1625 quibus,
1504 1569 1554 1607 ut
1589 1561 1727 1608 Gellii
1759 1559 1911 1606 verbis

77 1655 194 1707 utar,
227 1649 411 1712 ingenia
442 1649 653 1693 iuvenum
689 1645 824 1691 celeri
859 1645 1071 1708 facilique
1108 1643 1378 1707 compendio
1426 1643 1483 1689 ad
1520 1643 1724 1689 honesta}
1766 1639 1912 1688 erudi-

75 1732 210 1777 tionis
246 1729 501 1792 cupidinem
547 1737 592 1775 et
635 1728 691 1772 ad
735 1727 908 1772 utilium
955 1728 1116 1771 artium
1161 1726 1592 1785 contemplationem
1628 1725 1913 1770 ducerentur.

76 1812 132 1856 In
166 1811 245 1856 tali
280 1811 547 1856 collectione
586 1811 733 1855 01111113
771 1815 900 1853 613111
935 1806 1201 1863 0111111611113,
1228 1825 1328 1869 quae
1355 1807 1761 1863 nimis⁹recondita,
1789 1821 1914 1849 scru-

78 1892 240 1955 pulosa
275 1899 412 1955 atque
445 1893 577 1937 anxia
612 1890 898 1948 videbantur,
935 1897 985 1934 ut
1007 1896 1182 1934 tantum
1206 1890 1411 1951 primitiae
1440 1896 1486 1934 et
1517 1890 1646 1952 quasi
1666 1888 1912 1934 libamenta

77 1976 376 2038 ingenuarum
411 1974 573 2017 artium
610 1973 847 2030 darentur,
892 1971 974 2018 5611
1009 1989 1061 2017 63
1096 1988 1246 2034 neque
1280 1973 1326 2016 in
1359 1971 1525 2017 scholis
1565 1970 1803 2016 decantata
1835 1987 1913 2016 116-

79 2073 168 2119 que
200 2056 245 2100 in
280 2054 610 2101 commentariis
647 2055 852 2115 protrita.
937 2052 1077 2111 Quod
1121 2053 1418 2115 scriptionum
1460 2068 1604 2114 genus
1652 2051 1832 2113 quantis
1866 2050 1912 2093 in

79 2135 248 2183 deliciis
284 2136 347 2181 illi
381 2136 499 2181 aetati
532 2135 692 2192 fuerit,
741 2152 832 2180 non
867 2133 1003 2179 modo
1039 2134 1299 2179 testimonio
1337 2140 1406 2178 est
1441 2149 1555 2196 opus
1599 2132 1710 2177 illud
1743 2131 1913 2177 Plinia—

79 2237 186 2264 num
232 2235 288 2264 ex
333 2217 523 2280 amplius
559 2217 737 2264 duobus
772 2216 967 2262 millibus
999 2216 1278 2262 voluminum
1325 2223 1613 2279 excerptum,
1661 2215 1743 2261 sed
1788 2213 1913 2277 quod

79 2300 297 2347 librorum
334 2317 521 2346 numero
566 2302 612 2345 in
645 2301 912 2345 immensum
957 2305 1119 2357 aucto,
1164 2300 1297 2344 etiam
1340 2300 1385 2343 in
1431 2297 1620 2362 singulis
1666 2296 1912 2360 disciplinis

80 2382 198 2429 idem
232 2390 500 2445 temptatum
540 2388 632 2441 est,
667 2381 713 2426 id
747 2380 872 2444 quod
906 2379 1171 2443 intelligitur
1204 2397 1259 2425 ex
1293 2381 1540 2425 innumeris
1573 2378 1660 2423 illis
1694 2377 1915 2424 librorum

79 2465 465 2529 inscriptionibus,
500 2483 599 2529 quae
633 2467 679 2510 in
712 2464 977 2527 praefationc
1012 2464 1071 2508 A.
1107 2462 1245 2509 Gellii
1279 2462 1507 2526 leguntur.
1576 2460 1671 2507 Sed
1711 2477 1811 2506 cum
1845 2459 1914 2504 lit-

80 2554 188 2594 16116
223 2548 400 2593 Latinae
437 2547 590 2609 primis
625 2564 669 2608 p.
707 2545 792 2592 Ch.
825 2563 866 2589 n.
900 2543 1074 2589 saeculis
1109 2545 1301 2590 maxime
1338 2545 1384 2589 in
1407 2542 1574 2601 Gallia,
1610 2542 1835 2603 Hispania
1868 2546 1914 2586 61

82 2628 240 2674 Africa
275 2627 560 2685 colerentur,
603 2628 757 2673 nescio
793 2643 851 2671 an
885 2625 954 2670 his
990 2623 1172 2688 quidem
1216 2626 1262 2670 in
1298 2624 1563 2688 regionibus
1597 2624 1743 2687 magis
1779 2624 1913 2669 etiam

83 2711 385 2756 necessarium
418 2709 570 2766 fuerit,
604 2715 654 2753 ut
686 2707 835 2753 studia
868 2707 1111 2752 iuventutis
1147 2707 1437 2770 antiquorum
1460 2707 1733 2769 scriptorum
1767 2721 1915 2750 exem-

84 2789 172 2853 plis
207 2797 489 2854 regerentur.
557 2789 676 2835 Nam
724 2806 818 2834 non
863 2787 999 2834 modo
1036 2785 1293 2849 Appuleius
1329 2788 1491 2834 exotici
1523 2795 1563 2834 et
1590 2786 1790 2848 forensis
1824 2803 1914 2833 ser-

86 2872 227 2917 monis
265 2873 393 2917 rudis
427 2872 569 2918 czdtor
598 2871 705 2933 ficit,
738 2870 818 2917 scd
851 2872 991 2932 ipsius
1020 2869 1208 2916 Senecae
1244 2871 1388 2916 oratio
1412 2869 1613 2933 vulgaris
1639 2875 1775 2932 atquc
1810 2884 1914 2930 pro-

86 2955 190 3000 trita
227 2955 410 3017 eiusque
447 2954 636 3001 eruditio
674 2962 763 2999 tam
799 2952 1038 2998 vernacula
1075 2958 1116 2997 61
1152 2950 1356 3013 plebeia,
1389 2960 1437 2997 ut
1478 2950 1585 2995 nihil
1625 2968 1680 2995 cx
1712 2956 1912 2995 veterum
