2174 3267
243 178 297 215 11.
351 176 425 214 DE
453 175 584 214 HON.
613 175 686 213 ET
716 166 846 213 NOV.
873 176 998 215 VET.
1026 176 1218 214 DICTIS
1248 176 1356 214 PER
1384 174 1681 214 LITTERAS.

55 284 334 337 propitiaturos
355 281 463 332 facul
481 295 627 319 remur.
659 280 844 320 Afranius
856 284 935 321 Au-

59 354 211 391 ctione:
239 356 308 389 aut
332 350 454 404 facul,
480 357 525 389 ut
555 353 610 389 ait
642 351 854 396 Pacuvius,
881 352 937 400 fe-

58 425 163 460 mina
176 421 394 458 invenietur
409 420 520 458 bona.
553 420 701 458 Accius
709 420 936 472 Meleagro:

61 496 145 529 erat
170 491 281 528 virile
305 490 426 535 istuc,
449 490 557 541 ferre
585 490 792 528 advorsum
811 490 936 541 fortu-

59 573 150 598 nam
159 559 411 612 facul.Var1·o
420 559 602 598 Bimarco
617 575 625 596 :
637 560 742 614 quod
750 565 880 598 utrum
887 562 938 598 sit

58 643 252 682 nzaqnum,
275 642 329 666 an
343 643 509 681 parvum
523 645 538 673 ‚-
560 629 691 677 facile,
709 642 762 666 an
777 629 934 681 difficul.

109 699 388 736 FAML‘LANTER
412 712 485 750 pro
515 699 762 750 suppliciter.
791 700 937 738 Accius

60 768 211 806 Tereo:
232 769 345 805 deum
362 767 541 806 Catmove
554 774 688 806 natum
698 767 849 808 Semela
866 770 938 807 ad-

59 836 147 885 fare
175 843 212 875 et
239 837 479 886 fanudanter
502 843 604 891 pete.

111 908 389 953 Romnum,
403 908 598 945 iactanter
613 911 654 945 et
669 907 810 946 solute.
826 907 939 947 Afra-

66 985 111 1015 30
129 978 216 1014 nius
233 977 384 1028 Pompa
403 991 412 1012 ι
442 983 528 1014 tene
544 983 586 1014 tu
599 978 613 1013 !
640 977 683 1013 in
696 978 819 1015 medio
833 992 942 1015 nemo

60 1053 132 1092 est,
162 1046 365 1100 nzaqnifice
387 1047 493 1092 volo,
526 1046 767 1099 sluctuatim,
805 1049 862 1084 ire
888 1048 944 1084 ad

62 1118 181 1154 illuni.
213 1116 392 1167 Accipite
417 1117 500 1161 hoc,
532 1122 616 1167 teye
642 1122 685 1153 tu
710 1122 747 1154 et
772 1117 943 1154 sustine!

110 1188 397 1232 Pomm-Arm,
412 1201 619 1238 prospere.
638 1186 790 1224 Ennius
807 1186 941 1223 Anna-

61 1252 118 1308 (Ρ.
135 1256 156 1293 1
168 1253 253 1301 12.)
288 1255 392 1292 libus
412 1269 445 1292 1:
477 1269 523 1292 ea
539 1256 633 1292 mihi
645 1255 820 1309 reliquae
834 1255 943 1305 fidei,

48 1339 178 1378 regno
199 1325 397 1380 vobisque,
425 1324 608 1372 Quiritis‘,
628 1323 679 1362 Se
696 1324 942 1376 fortunatim,

58 1395 227 1447 feliciter
254 1409 299 1433 ac
327 1395 421 1432 bene
446 1400 589 1432 vortat.

111 1465 349 1503 FRUSTATIM
384 1470 424 1503 et
446 1465 750 1509 FRUSTILATlM,
771 1477 843 1515 per
863 1464 942 1502 fru-

61 1539 118 1572 sta
132 1563 144 1581 ,
177 1540 223 1572 ut
253 1535 484 1572 minutatim.
533 1535 777 1586 Pomponius
812 1535 940 1573 Verre

62 1610 245 1656 aegroto:
281 1619 415 1642 verum
439 1605 499 1642 illi
520 1605 674 1650 valent,
702 1605 771 1659 qui
794 1605 946 1642 luctan-

62 1679 128 1712 tur
152 1689 236 1712 cum
256 1675 451 1712 leonibus:
483 1674 542 1712 Et
560 1681 598 1712 te
616 1675 775 1712 obiectes
797 1674 944 1722 frusta-

63 1746 128 1782 tim
149 1746 392 1797 passerinum
412 1746 638 1797 prandium.
688 1744 943 1781 Saturarum:

63 1828 140 1851 non
166 1813 398 1866 frustilatim
427 1828 497 1851 nec
523 1814 742 1850 minutatim
773 1813 876 1850 dari.

114 1885 429 1929 FAsnmLiTER,
457 1883 674 1920 fastidiose.
702 1882 829 1920 Varro
846 1882 945 1920 Cras

68 1962 111 1992 10
134 1955 270 2000 credo,
298 1953 417 1992 hodie
445 1953 566 1990 nihil:
599 1953 735 2004 quibus
754 1953 945 1990 instabilis

64 2024 216 2061 animus
237 2023 384 2060 ardens
404 2023 647 2060 mutabiliter
662 2022 802 2059 habere
817 2028 853 2059 et
868 2036 946 2059 non

64 2093 206 2131 habere
222 2092 452 2145 fastidiliter
471 2092 587 2129 habet
609 2091 750 2129 habere
759 2091 945 2142 sastidili-

65 2168 138 2208 ter,
166 2163 407 2201 inconstanti
431 2168 597 2215 pectore.

63 2282 210 2313 Actione
231 2282 296 2318 W,
321 2285 399 2313 aute
423 2281 470 2313 A.
495 2281 589 2312 haud
608 2280 708 2324 facul
737 2278 852 2315 1326.
870 2279 942 2311 JM.

65 2338 239 2368 invenitur
269 2342 348 2370 ante
379 2340 432 2376 A,
468 2338 683 2381 prohHerm.
723 2348 767 2367 an
797 2347 943 2379 parvum

67 2403 134 2424 om.
158 2394 198 2424 L.
228 2394 328 2437 facul
351 2406 396 2426 an
418 2394 491 2427 AJ.
526 2394 657 2425 Accius
686 2405 720 2436 p.
746 2390 848 2426 465,
877 2389 941 2422 25·

65 2448 193 2482 Cadmo
212 2455 410 2495 ymon-atum
435 2450 629 2492 chentin.‚
654 2450 705 2481 M.
736 2448 943 2491 Cadmi-{lena

66 2513 102 2539 30
126 2511 242 2536 natum
267 2506 407 2549 choss.
442 2507 539 2537 adire
563 2507 664 2537 illum
697 2508 775 2536 ante
800 2505 847 2535 A.
885 2504 944 2535 hoc

66 2566 194 2606 tegmen
222 2561 337 2599 1526,
361 2563 395 2595 J.
430 2563 568 2593 Ennius
592 2563 636 2593 cf.
660 2561 822 2594 Reuvens
855 2560 942 2591 conl.

66 2629 100 2659 p.
123 2617 187 2650 92.
213 2618 365 2651 Grauert
389 2620 492 2651 Anal.
517 2631 552 2662 p.
571 2618 636 2650 97.
673 2617 876 2649 annalibus.-
905 2628 944 2646 ea

66 2668 183 2715 (pag.l
193 2669 267 2710 12.)
277 2686 393 2706 omnes
403 2675 585 2717 praeterL.
599 2675 733 2717 reliqua
743 2672 943 2704 msDorvill.

67 2728 220 2772 relinquc
248 2731 455 2763 msPalatin.
482 2731 596 2775 reique
618 2729 757 2772 choth.
791 2729 945 2767 Quirites

72 2784 192 2818 1526.
216 2786 250 2818 J.
283 2792 319 2817 ut
345 2793 374 2818 tc
398 2782 432 2819 J'.
454 2787 654 2831 prandium.
682 2785 841 2816 Lucilius
869 2784 943 2816 Sat.

71 2842 137 2884 ch.
161 2842 357 2885 prandium.
385 2844 521 2874 Ennius
537 2843 609 2875 Sal.
634 2840 811 2885 chlanck.
836 2840 943 2870 nu'nu-

70 2899 129 2929 tim
152 2898 221 2935 uf,
256 2897 356 2930 ctiam
382 2899 425 2934 L,
464 2900 523 2930 sed
555 2904 589 2929 ta
614 2909 782 2940 suprascr.
834 2896 943 2926 Varro

1815 176 1871 214 77

1045 283 1077 320 F
1083 296 1212 320 umam:
1260 283 1407 321 dietum
1450 288 1509 321 est
1555 283 1729 322 deterius
1775 283 1874 322 fieri.

993 352 1049 391 M.
1070 353 1228 391 Tullius
1271 354 1320 391 de
1352 353 1506 393 Officiis
1540 353 1610 391 lib.
1639 367 1710 392 111:
1748 353 1877 407 siqui

991 423 1122 460 vinum
1148 422 1302 476 fugiens
1329 424 1472 460 vendat
1500 423 1640 461 sciens.

1044 491 1254 529 Fumsmz
1282 492 1453 543 positum
1476 506 1547 543 pro
1566 492 1733 544 fatigari.
1761 491 1874 542 Vix-g.

991 561 1060 599 lib.
1082 574 1181 598 vm:
1219 561 1286 598 olli
1314 561 1471 613 remiqz'o
1502 567 1725 615 noctemque
1757 561 1874 599 diem-

993 644 1067 686 que
1094 630 1282 683 fatigant.

1044 700 1228 737 Fninscs
1263 712 1337 751 pro
1370 699 1598 745 fraudatus,
1638 699 1681 737 id
1717 704 1799 745 est,
1826 699 1876 737 ad

993 770 1140 809 fraudis
1162 771 1333 808 fructum
1352 769 1518 807 venerit.
1557 768 1722 806 Plautus
1735 769 1876 806 Asina-

993 840 1066 877 ria:
1098 854 1176 876 non
1198 839 1348 893 placet:
1374 844 1512 882 metuo,
1538 838 1581 874 in
1608 850 1803 875 commune
1828 845 1873 875 20

994 923 1043 947 ne
1068 922 1184 964 quam
1212 908 1392 960 fraudem
1418 907 1581 959 frausus
1603 909 1666 944 sit.

1047 979 1158 1016 FAxs
1187 992 1261 1028 pro
1294 979 1392 1016 face.
1430 977 1558 1015 Varro
1581 975 1878 1014 Gerontodida-

996 1049 1124 1087 scalo:
1141 1045 1298 1101 confluit
1313 1049 1509 1085 „adieram
1524 1052 1607 1084 tota
1616 1046 1760 1085 Roma:
1779 1058 1878 1100 quae

995 1124 1109 1156 noctu
1122 1117 1214 1166 fieri
1235 1119 1349 1155 initia
1363 1118 1478 1154 solita
1497 1119 1612 1154 etiam
1632 1129 1737 1153 nunc
1758 1115 1879 1167 pinea

994 1187 1085 1239 faxs
1108 1188 1271 1224 indicat.
1303 1187 1415 1224 Idem
1442 1186 1649 1237 Sexagesi:
1679 1186 1792 1222 adest
1807 1184 1879 1236 fax

1450 1255 1562 1292 Idem
1585 1255 1635 1291 de
1665 1255 1744 1291 vita
1767 1253 1811 1290 P.
1829 1254 1878 1291 R.

995 1326 1065 1364 lib.
1090 1339 1139 1362 11:
1169 1339 1254 1363 cum
1277 1337 1303 1362 a
1328 1336 1428 1361 nova
1449 1329 1574 1375 nupta
1593 1323 1695 1375 ignis
1716 1322 1758 1358 in
1776 1321 1879 1372 facie

996 1256 1169 1293 involuta
1208 1256 1398 1292 incendio.

997 1393 1241 1446 adservetur,
1265 1393 1355 1445 fuco
1382 1395 1462 1430 eius
1483 1398 1671 1446 sumptus,
1701 1406 1785 1429 cum
1808 1390 1879 1442 fax

997 1478 1044 1501 ex
1066 1465 1164 1517 pinu
1189 1463 1278 1500 alba
1305 1468 1427 1507 esset,
1466 1468 1510 1500 ut
1537 1475 1620 1500 eam
1643 1475 1744 1515 puer
1772 1462 1877 1512 inqe-

998 1547 1098 1571 nuus
1126 1532 1316 1584 adferret.

1050 1603 1249 1641 messs
1297 1616 1362 1640 eas
1402 1601 1481 1639 dici
1516 1601 1645 1638 Varro
1685 1601 1880 1646 aestimat,

1000 1687 1100 1726 quos
1135 1672 1280 1711 Graeci
1312 1673 1519 1710 thesauros
1557 1675 1722 1717 vocant,
1763 1671 1804 1707 in
1835 1678 1880 1708 30

999 1743 1204 1794 Epistula,
1232 1757 1347 1794 quam
1374 1742 1559 1779 adversus
1586 1740 1764 1778 Marcum
1790 1740 1881 1778 Sul-

999 1813 1145 1863 picium
1183 1812 1313 1848 dedit:
1358 1810 1549 1857 Quintum
1579 1811 1778 1847 Valerium
1810 1808 1882 1847 Co-

999 1895 1190 1918 ramnunc
1211 1881 1366 1918 solitum
1395 1880 1562 1923 diceret,
1602 1891 1696 1933 quos
1725 1879 1880 1916 thesau-

999 1963 1062 1987 ros
1086 1949 1237 1988 Graeco
1274 1951 1425 1986 nomine
1464 1948 1769 2002 appellaremus,
1797 1949 1882 2000 pri-

999 2033 1081 2057 scos
1096 2019 1242 2056 Latine
1260 2017 1422 2071 slavisas
1447 2019 1604 2063 dixisse,
1627 2019 1731 2072 quod
1757 2018 1799 2054 in
1822 2031 1884 2054 eos

1000 2103 1080 2126 non
1116 2089 1216 2126 rude
1255 2101 1322 2125 aes
1366 2094 1662 2142 argentumque,
1693 2082 1749 2138 (p.
1766 2083 1883 2131 115.)

1001 2160 1070 2196 sed
1084 2157 1184 2211 flata
1198 2159 1434 2211 signataque
1448 2157 1617 2210 pecunia
1632 2157 1880 2194 conderetur.

1006 2290 1038 2321 p.
1067 2276 1155 2313 159,
1171 2276 1237 2309 27.
1263 2277 1344 2308 inst.
1369 2276 1489 2307 eunius
1514 2275 1638 2306 ardens
1661 2275 1701 2306 L.
1738 2279 1824 2305 mut.
1853 2283 1885 2308 10

1005 2346 1071 2365 non
1093 2333 1212 2364 habere
1234 2332 1309 2364 AJ.
1343 2337 1428 2364 mut.
1454 2331 1553 2362 habet
1575 2330 1695 2362 habere
1718 2331 1768 2363 Μ.
1801 2335 1885 2362 rnut.

1006 2395 1083 2421 avet
1100 2389 1219 2421 habere
1243 2388 1424 2431 chalmer.
1448 2393 1480 2419 et
1503 2399 1570 2419 uon
1593 2386 1627 2418 Ῐι.
1649 2387 1680 2430 f.
1705 2386 1737 2418 Ῐι.
1761 2386 1794 2417 Ιι.
1820 2397 1885 2421 om,

1008 2450 1084 2478 ante
1108 2448 1158 2478 Μ.
1192 2445 1277 2489 fast.
1310 2445 1342 2476 Ιι.
1374 2445 1405 2476 Ιι.
1439 2455 1503 2475 om.
1528 2444 1576 2475 M.
1617 2443 1713 2474 Idem
1741 2442 1824 2473 Sex.
1851 2453 1887 2476 20

1006 2515 1043 2546 p.
1070 2501 1168 2539 528,
1194 2501 1258 2533 22.
1293 2502 1330 2533 in
1349 2501 1428 2545 face
1453 2500 1535 2532 edd.
1561 2503 1703 2542 praeter
1725 2500 1772 2530 A.
1809 2498 1887 2540 foco

1006 2559 1079 2589 cius
1102 2558 1176 2589 JM.
1216 2570 1232 2588 e
1253 2557 1328 2600 foco
1360 2556 1487 2600 chcal.
1526 2567 1569 2587 ex
1599 2556 1702 2600 spina
1736 2555 1830 2586 Scal.
1870 2565 1888 2584 c

1007 2615 1106 2658 spina
1130 2613 1240 2645 Turn.
1274 2624 1316 2644 ex
1341 2614 1442 2656 spina
1476 2612 1573 2653 ng.
1609 2611 1712 2642 abbae
1734 2616 1819 2641 esset
1845 2610 1885 2645 L,

1008 2670 1071 2701 sed
1104 2669 1221 2701 ablata
1256 2673 1462 2700 correctum.
1510 2669 1628 2699 ablata
1661 2666 1735 2698 AJ.
1775 2667 1888 2697 allata

1009 2725 1102 2758 Scal.
1121 2725 1298 2756 Flavissas
1309 2725 1421 2757 AJM.
1444 2725 1610 2756 Favissas
1619 2723 1781 2765 aliiapud
1793 2721 1887 2753 Gell.

1010 2786 1044 2814 et
1067 2782 1163 2812 Fest.
1190 2781 1302 2813 Varro
1327 2780 1418 2813 Gell.
1445 2780 1480 2818 2,
1501 2779 1566 2818 10,
1581 2780 1619 2812 5.
1660 2791 1759 2823 quam
1783 2778 1829 2809 ad
1852 2787 1888 2811 30

1009 2838 1163 2869 Servium
1176 2837 1271 2880 Sulp.
1290 2837 1336 2868 M.
1351 2848 1368 2868 e
1383 2837 1471 2869 coni.
1495 2836 1663 2868 Soranum
1681 2833 1798 2867 1526.
1811 2832 1885 2866 JM.

1007 2894 1115 2926 dicere
1141 2894 1218 2925 edd.
1239 2893 1413 2935 flavissas,
1442 2894 1549 2925 altero
1574 2906 1589 2923 s
1615 2895 1821 2935 compuncto
1840 2890 1883 2921 L.
