2174 3267
262 153 324 191 50

260 260 419 312 publica
445 259 511 296 lib.
530 258 571 294 ii.
608 272 629 294 a
654 270 801 308 pecore
825 258 1079 308 pecuniosos,
1105 264 1145 296 et

261 346 282 368 a
298 326 616 382 possessionibus
631 326 809 364 locorum
831 325 1059 378 locupletes
1075 341 1143 378 ap·

259 399 432 451 pellatos
478 397 686 434 adserens:
732 397 937 452 multoeque
979 398 1145 435 dictione

258 470 383 506 ovium
423 473 459 504 ct
497 467 630 512 boum,
679 467 785 522 quod
834 473 927 505 tzmc
966 473 1052 504 erat
1081 481 1144 505 res

259 532 417 589 (p.45.)
438 538 480 573 iu
514 550 652 590 pecore
685 544 722 574 et
745 537 914 574 locorum
935 538 1143 591 posscssio-

258 607 391 651 nibus,
420 621 467 644 ex
507 622 582 662 quo
619 608 821 661 pecuniosi
858 613 895 644 et
936 608 1142 661 locupletes

254 677 505 715 vocabantur.

308 747 481 785 VnuTm
512 747 658 785 dictum
683 753 743 785 est
761 747 973 798 separatim
1002 751 1041 783 et
1070 760 1141 797 per

258 817 434 867 singulos
460 817 575 855 viros.
612 817 669 854 M.
687 817 850 854 Tullius
873 816 923 854 dc
946 830 988 854 re
1010 816 1141 866 puhli-

258 902 303 924 ca
325 887 394 924 lib.
421 887 462 924 ii:
497 901 543 923 ac
577 888 729 939 primus
759 899 889 939 aqros,
925 899 1020 940 quos
1046 886 1141 923 bello

252 957 440 995 Romulus
465 962 633 1009 ceperat,
660 957 790 993 divisit
815 957 959 994 viritim
983 956 1139 994 civibus.

253 1026 417 1063 Plautus
441 1026 646 1064 Aulularia
671 1027 802 1073 aliter,
834 1027 908 1064 sub
924 1026 995 1064 hac
1011 1031 1141 1064 tamen

253 1096 536 1147 significantia:
596 1097 771 1134 dividere
834 1097 993 1149 argenti
1041 1097 1142 1133 dixit

253 1180 425 1203 nunzmos
453 1168 495 1203 in
521 1167 639 1204 viros.
673 1166 799 1204 Varro
822 1167 872 1204 de
899 1167 979 1204 vita
999 1166 1140 1218 populi

259 1243 302 1274 10
317 1235 432 1274 Rom.
453 1236 522 1274 lib.
538 1236 570 1273 i:
601 1241 637 1273 et
665 1242 779 1273 extra
801 1235 932 1273 urbem
955 1237 997 1272 iu
1018 1237 1141 1287 reqio-

251 1320 319 1344 nes
343 1307 446 1344 xxvi.
474 1319 590 1359 (tyros
614 1306 759 1343 viritim
782 1306 912 1344 liberis
933 1305 1143 1342 adtribuit-

304 1377 469 1413 VssnxAs
491 1381 647 1414 veteres
673 1376 945 1428 appellabant,
965 1376 1033 1427 qui
1048 1389 1139 1412 vere

253 1460 365 1484 sacro
393 1447 550 1484 fuerant
573 1446 677 1491 nati3
708 1450 748 1483 et
760 1445 982 1483 habebatur
996 1459 1139 1482 nomen

252 1515 326 1554 hoc
354 1530 428 1568 pro
452 1516 606 1554 vitabili
624 1515 849 1553 maledicto.
893 1515 1023 1552 Plaut.
1044 1514 1138 1552 Am-

250 1587 439 1638 fitryone:
470 1587 546 1631 hic,
568 1587 637 1641 qui
662 1599 785 1623 verna
814 1591 929 1622 natus
947 1591 1017 1628 est,
1037 1598 1139 1638 (μεω-

251 1658 369 1694 ritur.
401 1656 602 1693 Lucilius:
632 1669 756 1693 verna
770 1668 815 1692 ac
831 1654 1136 1708 cercupithecou.

252 1726 439 1771 Plautus,
472 1727 538 1778 qui
567 1739 703 1777 supra:
741 1739 823 1762 cum
863 1725 1042 1761 cruciatu
1075 1728 1139 1760 tuo

247 1796 352 1833 istoec
378 1795 507 1839 hodie,
534 1808 670 1838 verna,
695 1794 813 1832 verba
836 1793 1027 1841 funditas.

300 1865 564 1902 CONCINNARE
607 1869 670 1902 est
705 1865 856 1909 facet-03
903 1867 946 1900 ut
971 1862 1136 1900 Plautus

248 1935 513 1987 Amfitryonc:
543 1935 811 1972 lacrimantem
828 1947 875 1970 ex
894 1932 1030 1970 habitu
1049 1946 1136 1970 con-

251 2014 296 2043 20
317 2006 453 2042 cinnas
469 2011 525 2048 tu,
543 2011 650 2041 tuam
666 2017 835 2041 uxorem.
855 2003 938 2041 Sed
951 2003 1132 2054 proprie-

248 2078 309 2112 tas
336 2074 448 2113 verbi
475 2074 558 2111 haec
587 2078 669 2119 est,
703 2073 811 2125 quod
838 2073 946 2124 apud
974 2077 1130 2111 veteres

248 2145 386 2183 cinnus
412 2144 588 2196 potionis
614 2157 738 2193 genus
766 2157 812 2180 ex
838 2143 972 2180 multis
1000 2143 1129 2195 liquo-

247 2270 411 2325 pig-‚45
437 2290 476 2309 uc
489 2280 636 2320 primum
652 2280 812 2322 palimps.
838 2280 923 2313 Mai.
951 2291 984 2314 10
1010 2292 1130 2312 ewa-nas

291 2336 382 2368 domi
405 2341 504 2367 »catos
528 2337 630 2379 quusi
653 2349 729 2367 ver-c
753 2342 852 2367 natos
875 2342 937 2367 aut
949 2348 1013 2380 pro
1031 2342 1129 2367 «vtato

292 2395 398 2425 laetos
422 2405 492 2434 mg.
518 2393 585 2424 XV.
624 2393 698 2423 vita
735 2393 804 2424 bibi
838 2394 908 2424 IV.
943 2404 973 2423 υ.
999 2394 1065 2424 vili
1090 2395 1128 2425 L.

292 2450 430 2481 vitabili
452 2454 483 2479 et
509 2449 589 2479 mal.
615 2448 661 2479 Α.
689 2449 723 2480 J.
746 2454 778 2480 et
803 2460 868 2480 om.
895 2460 964 2489 mg.
990 2449 1024 2480 J.
1060 2451 1127 2481 evi-

291 2505 392 2537 tabili
414 2517 455 2536 m.
481 2515 512 2536 v.
537 2515 567 2535 c.
594 2505 709 2536 Dnsae.

289 2562 397 2594 Dusa.

289 2618 378 2650 lach.

291 2688 319 2707 c.
345 2675 425 2706 haee
461 2675 504 2718 ej.
530 2674 553 2705 J
580 2673 687 2704 Dusa.
729 2685 804 2704 acer
834 2675 877 2706 Α.
918 2686 1055 2706 vernam
1088 2687 1127 2706 ac

770 2506 966 2537 inevitabili
997 2505 1041 2549 cj.
1069 2507 1126 2538 Fr.

448 2562 540 2592 vitae
572 2561 654 2592 vilis
690 2561 872 2593 maledicto
908 2562 997 2605 conj.
1036 2562 1126 2594 Gen·-

443 2629 538 2649 accer
586 2618 681 2662 cupit
732 2616 832 2649 hecon
877 2618 990 2650 Codd.
1032 2631 1128 2651 sace»-

288 2731 550 2775 cercopithecum
595 2730 636 2773 cj.
671 2729 718 2762 Μ.
769 2742 871 2762 verna
909 2743 950 2762 ac
982 2733 1124 2775 cercopi-

288 2787 397 2819 thecos
434 2786 526 2829 conj.
567 2785 729 2817 Gerlach.
776 2788 950 2818 cruciatu»-
989 2788 1050 2818 Vv.
1088 2788 1126 2819 L.

287 2843 386 2875 hodie
425 2854 489 2874 om.
517 2842 560 2874 Α.
602 2843 802 2874 lacrimante
831 2844 891 2874 w.
925 2845 964 2875 L.
991 2855 1058 2886 mg.
1083 2842 1120 2876 J.

288 2901 529 2941 lacrymantem
565 2898 613 2931 A.
661 2898 779 2930 habitu
821 2901 883 2931 W.
921 2901 959 2932 L.
992 2913 1058 2942 mg.
1088 2900 1120 2932 J.

880 149 1091 189 NONIUS
1119 149 1456 190 MARCELLUS

1213 259 1322 296 ribus
1340 260 1562 297 confectum
1582 259 1662 296 diei
1675 259 1790 297 solet.
1819 258 1949 297 Recte
1964 263 2096 297 autem

1213 329 1451 366 concinnare
1487 333 1527 365 et
1561 329 1788 366 consentire
1815 328 1997 379 intellegi
2026 341 2095 378 po-

1213 401 1311 443 test,
1339 398 1449 450 quasi
1473 399 1698 444 concinere,
1720 404 1763 436 ut
1784 398 1917 436 multis
1941 398 2096 436 diverse

1212 467 1444 505 canentibus
1470 481 1569 505 unus
1600 469 1766 506 efficitur
1791 470 1942 506 modus.
1978 468 2095 505 Plau-

1213 540 1274 573 tus
1296 535 1500 574 Asinaria:
1529 551 1668 592 auceps
1704 538 1863 593 quando
1892 538 2097 575 concinna-

1209 606 1266 643 vit
1289 619 1444 650 aream,
1475 605 1640 658 offundit
1673 608 1806 645 cilnnn.
1857 606 1915 644 M.
1937 606 2096 643 Tullius

1210 676 1259 713 de
1268 676 1436 714 Finibus
1451 676 1644 715 bonorum
1658 677 1906 716 etmalorum
1930 676 1998 713 lib.
2015 676 2094 714 iiii:

1211 760 1295 783 cum
1344 747 1401 791 is,
1441 760 1525 784 cum
1573 747 1710 802 quibus
1761 761 1805 784 re
1849 745 2094 789 concinebat,

1210 816 1317 853 urhis
1347 817 1599 870 discrepare?
1631 817 1743 855 Idem
1772 818 1814 854 in
1844 817 2094 854 Academicis

1209 886 1278 924 lib.
1303 887 1334 923 i:
1376 888 1445 940 qui
1473 901 1558 923 cum
1584 887 1839 924 similitudine
1865 887 1974 924 verbi
2006 900 2094 924 con-

1210 957 1340 993 cinere
1365 957 1529 993 maxime
1558 956 1634 992 sibi
1658 956 1873 992 videretur.
2045 963 2090 993 30

1261 1025 1503 1062 PAannms
1532 1025 1640 1063 dieta
1657 1031 1717 1063 est
1737 1040 1756 1062 a
1778 1025 1947 1077 pecunia
1962 1039 2092 1076 parva.

1209 1094 1337 1132 Varro
1379 1094 1428 1132 de
1464 1097 1543 1132 vita
1579 1095 1728 1146 Populi
1757 1095 1927 1133 Romani
1967 1095 2035 1133 lib.
2059 1095 2091 1131 i:

1205 1165 1389 1217 pecunia,
1416 1178 1501 1219 quoe
1523 1170 1609 1202 erat
1620 1178 1771 1217 parvm·
1799 1165 1847 1202 ab
1868 1179 1910 1203 eo
1925 1178 2095 1218 pauper-

1209 1240 1268 1271 tas
1307 1234 1438 1279 dictu,
1479 1235 1586 1271 cuins
1620 1241 1869 1288 paupertatis
1909 1248 2092 1287 maynum

1927 1303 1984 1356 (p.
2000 1301 2090 1351 44.)

1261 1374 1455 1411 Panem:
1497 1373 1627 1410 Varro
1658 1374 1856 1411 existimat
1896 1388 1941 1412 ca
1976 1388 2092 1412 causa

1208 1305 1468 1341 testimouium
1496 1310 1567 1341 est.

1208 1444 1308 1487 dici.
1339 1443 1470 1496 quod,
1497 1443 1564 1495 qui
1600 1457 1677 1494 ope
1709 1444 1939 1494 indigerent
1967 1449 2007 1482 et
2042 1445 2091 1482 ad

1208 1515 1359 1566 asylum
1381 1514 1540 1552 Cereris
1568 1514 1859 1565 confugissent,
1884 1515 1996 1566 panis
2023 1515 2090 1552 da-

1206 1589 1328 1622 retur.
1353 1584 1538 1622 Pandere
1567 1598 1662 1635 ergo
1683 1585 1795 1636 quasi
1820 1599 1964 1636 panem
1981 1585 2090 1629 darc,

1207 1658 1247 1691 et
1275 1654 1384 1705 quod
1409 1667 1620 1704 numquam
1650 1654 1782 1691 fanum
1806 1654 1951 1692 talibus
1984 1655 2089 1692 clau·

1206 1723 1392 1767 deretur,
1422 1723 1471 1759 de
1510 1723 1588 1759 vita
1607 1723 1750 1774 populi
1772 1723 1943 1762 Romani
1966 1724 2036 1762 lib.
2054 1726 2088 1762 i:

1204 1792 1306 1829 hanc
1333 1791 1447 1829 deam
1485 1793 1620 1830 melius
1648 1798 1766 1846 putat
1785 1807 1866 1831 esse
1882 1794 2086 1840 Cererem3

1202 1863 1273 1900 sed
1309 1862 1414 1917 qecocl
1455 1863 1497 1899 iu
1541 1864 1689 1914 asylum
1732 1865 1802 1918 qui
1839 1864 2088 1917 confugisset,

1198 1933 1316 1986 punis
1329 1934 1509 1976 duretur,
1524 1946 1606 1969 esse
1623 1946 1761 1970 nomen
1774 1932 1923 1982 fictum,
1939 1947 1964 1970 a
1982 1948 2088 1987 pune

1201 2003 1347 2047 dando,
1371 2003 1569 2056 pandere,
1602 2003 1708 2057 quod
1745 2008 1802 2040 est
1837 2004 2007 2056 aperire.
2041 2011 2083 2042 10

1249 2073 1401 2111 BLAT1s
1431 2077 1471 2111 et
1497 2086 1702 2110 BLATERAS
1732 2074 1925 2127 confingis
1943 2080 2009 2112 aut
2028 2076 2085 2113 in-

1198 2143 1357 2181 condite
1383 2148 1423 2182 et
1451 2143 1621 2182 inaniter
1651 2144 1826 2196 loqueris
1840 2174 2083 2183 .......

1239 2291 1275 2313 20
1299 2291 1372 2310 cum
1397 2280 1427 2310 is
1440 2280 1481 2311 L.
1509 2291 1537 2312 c.
1556 2279 1610 2311 lu‘s
1634 2279 1682 2312 Α.
1709 2281 1949 2312 concinebatur
1973 2281 2083 2312 verbis

1240 2337 1303 2369 VV.
1322 2336 1435 2378 mg.J.
1451 2337 1498 2369 M.
1524 2349 1611 2381 quac
1625 2349 1698 2368 cum
1715 2338 1788 2368 sim.
1804 2338 1845 2368 L.
1866 2338 1911 2368 A.
1937 2346 1972 2372 30
1997 2349 2082 2382 quae

1237 2398 1310 2423 erat
1336 2393 1400 2424 ΨΥ.
1419 2393 1458 2424 L.
1483 2392 1529 2424 A.
1554 2394 1699 2435 Popma.
1736 2405 1799 2437 que
1822 2392 1870 2424 Μ.
1904 2393 1945 2423 ab
1968 2404 2007 2423 ca
2031 2392 2077 2424 A.

1193 2460 1270 2492 pap.
1297 2447 1362 2479 44.
1385 2449 1508 2491 fanum
1537 2450 1664 2481 tubulis
1689 2450 1735 2481 cl.
1762 2451 1799 2481 L.
1845 2449 1936 2493 quod
1955 2449 2079 2491 fanum

1235 2518 1318 2537 men.
1337 2506 1575 2549 aliiap.Bent.
1589 2518 1763 2550 nunquam
1779 2506 1908 2537 tabulis
1921 2506 1966 2537 cl.
1984 2505 2075 2536 Idem

1234 2561 1275 2592 de
1317 2563 1362 2592 A.
1404 2561 1520 2593 1526.

1234 2618 1322 2649 libro
1348 2618 1574 2651 bibliothecae
1599 2619 1806 2650 Eluonensis
1840 2617 1964 2650 Can-io
1989 2619 2022 2653 1.
2042 2619 2077 2651 5.

1234 2675 1356 2705 melius
1375 2680 1482 2716 putat
1507 2676 1570 2705 XV.
1597 2676 1636 2706 L.
1656 2675 1701 2706 A.
1724 2675 1758 2706 J.
1797 2673 1913 2706 1585.
1950 2675 2077 2707 Aelius

1235 2731 1387 2762 correxit
1412 2731 1507 2763 Scal.
1534 2731 1622 2773 conj.
1643 2744 1672 2774 p.
1689 2730 1752 2762 49.
1777 2730 1902 2763 Carrio
1928 2732 2069 2775 Popma.

1236 2787 1443 2830 confiqqisset
1490 2789 1554 2819 W.
1596 2788 1634 2818 L.
1675 2788 1810 2820 Carrio.
1852 2789 1901 2821 Μ.
1958 2789 2072 2832 coufu-

1230 2845 1358 2887 qissent
1384 2844 1473 2875 A.J.
1500 2844 1644 2886 Popma.
1672 2845 1824 2876 Heusde.
1851 2845 2071 2890 confugerent

1231 2901 1323 2933 Scal.

1566 2563 1682 2594 locum
1717 2562 1869 2594 correxit
1914 2574 1931 2591 c
1967 2565 2078 2594 veteri

1394 2912 1507 2932 norm-n
1548 2901 1680 2943 factum
1731 2902 1881 2945 Popula,
1916 2894 2076 2935 Hensdes
