2174 3267
272 160 302 197 6
902 149 1109 190 NONIUS
1138 148 1470 190 MARCELLUS

271 265 459 320 quaedam,
489 275 566 317 qua
583 264 745 298 utuntur
763 258 818 296 ad
835 272 932 297 saxa
955 272 1144 297 cocicmen-

274 343 319 372 20
337 339 434 371 tata.
490 330 666 368 Plautus.

323 402 467 439 Murus
498 397 784 449 onomatopoeia
811 401 870 434 est
894 396 1053 433 inecrtae
1080 408 1145 432 vo-

272 471 341 515 cis,
354 468 464 521 quasi
475 468 667 519 mugitusg
697 481 783 504 nam
799 470 928 503 mutus
951 478 1066 501 sonus
1087 468 1148 501 est

274 539 461 590 proprie,
502 538 568 590 qui
616 536 862 574 intellectum
902 548 980 572 non
1015 533 1146 571 habet.

271 608 426 646 Naevius
452 604 654 659 Lycurgo:
685 606 810 642 ducite
829 618 871 641 eo
895 610 974 641 tum
999 602 1148 654 arqutis

269 678 411 729 linquis
424 681 549 714 mutas
565 674 841 730 quadrupedis.
895 673 1039 711 Accius
1051 672 1147 723 Epi-

271 745 518 784 nausimaehe
532 761 541 782 ε
570 751 658 782 item
673 744 726 781 ad
739 743 963 780 moestitiam
979 746 1148 778 mzduam

273 815 484 863 instantium
505 813 813 869 qzccidrwpedum.

323 885 582 921 DISPENNERE
617 887 677 920 est
705 881 950 933 expandere,
982 884 1148 917 tractum

276 962 355 991 3021
388 953 526 1004 pennis
560 956 600 988 et
629 951 761 989 volatu
794 950 931 988 avium.
984 949 1149 986 Plautus

273 1023 425 1061 Milite:
466 1021 532 1058 ubi
564 1020 689 1065 lubet,
720 1020 936 1072 dispennite
964 1018 1149 1055 hominem

274 1092 464 1129 diversum
492 1095 529 1127 et
555 1089 774 1126 distendite.

323 1161 487 1199 FocULA
511 1159 615 1196 dieta
642 1162 731 1196 sunt
757 1156 1016 1202 nutrimenta3
1044 1156 1148 1193 unde

273 1227 328 1282 (p.
343 1225 432 1274 10.)
461 1233 503 1267 et
532 1229 705 1266 foculare
733 1227 890 1271 dicitur,
927 1230 970 1263 ut
1003 1227 1148 1264 fovere.

273 1299 436 1338 Plautus
456 1298 596 1335 Persa:
625 1296 694 1334 Ad
716 1296 838 1341 cedes,-
871 1308 962 1332 nam
987 1296 1063 1332 iam
1091 1295 1149 1331 in-

274 1375 335 1405 tus
363 1368 508 1405 ventris
537 1366 690 1414 fumant
716 1365 858 1413 focula.

320 1438 499 1482 *Bimnmt
543 1439 603 1472 cst
640 1435 678 1472 vi
715 1433 875 1485 propria
912 1439 953 1470 et
990 1432 1149 1483 ingenio

274 1507 440 1544 tardum.
493 1504 593 1543 Nam
618 1503 746 1541 Graeei
765 1502 909 1542 bardos
932 1502 1069 1540 tardos
1092 1502 1150 1539 di-

275 1576 428 1613 cebaut.
482 1576 678 1612 Homerus
722 1573 872 1611 Iliados
894 1572 996 1609 xxii:
1037 1562 1151 1623 Βάρ-

273 1643 410 1683 ὁιστοι
443 1640 515 1693 μὲν
552 1635 630 1696 γάρ
672 1638 715 1681 οἱ
760 1637 857 1681 ἔσαν
894 1637 1149 1693 καλλίτριχες

273 1709 424 1761 ἵπποι,
459 1706 655 1757 (Ήκιστος
695 1701 732 1750 ‹5’
755 1702 802 1764 ἦν
827 1701 954 1756 αὐτός
986 1704 1147 1748 {lcume-

273 1795 344 1832 μεν
378 1776 494 1834 ἅρμα
530 1777 574 1820 ἐν
610 1771 747 1831 ἀγῶνι.
801 1780 966 1817 Plautus
1004 1778 1146 1816 Persa:

280 1859 323 1890 10
343 1852 455 1888 nimis
478 1850 634 1888 tandem
657 1850 831 1904 equidem
858 1862 929 1902 pro
965 1848 1091 1885 barda
1113 1852 1150 1885 et

272 1934 345 1974 pro
366 1921 515 1958 rustica
538 1933 626 1957 reor
653 1919 822 1957 habitam
850 1916 951 1956 Esse
970 1917 1035 1954 abs
1060 1922 1108 1953 te.

328 1990 429 2027 [LEX
477 1994 516 2026 et
549 2002 682 2026 ExLEx
724 1992 803 2033 est,
843 1988 910 2039 qui
944 1987 1027 2024 sine
1060 1985 1150 2035 lege

278 2059 393 2096 vivat.
421 2058 584 2095 Plautus
595 2057 738 2095 Persa:
763 2057 925 2110 impure,
943 2057 1152 2099 inhoneste,

278 2128 428 2172 iniure,
458 2128 553 2172 ilex,
578 2127 681 2164 labes
710 2127 825 2179 popli.
879 2125 1054 2162 Lucilius
1082 2124 1152 2162 Sa-

279 2202 353 2249 tyr.
374 2197 443 2234 lib.
467 2197 514 2234 ii:
557 2210 634 2233 non
654 2196 752 2240 dico,
773 2196 904 2232 vincat
923 2195 1010 2232 licet
1028 2199 1064 2232 et
1081 2207 1148 2231 va-

321 2306 429 2337 Turn.
469 2303 585 2336 οἷάκων
610 2303 656 2337 Α.
695 2304 729 2336 J.
769 2303 891 2348 μακρόν
934 2303 1022 2336 Cod.
1062 2304 1144 2336 Jun.

323 2373 358 2396 20
373 2365 602 2405 coagmentata
624 2360 737 2391 Editt.
753 2360 866 2390 ducite
876 2372 911 2390 eo
936 2372 1009 2391 cum
1031 2361 1145 2391 Editt.

324 2428 396 2448 cum
422 2428 487 2446 om.
512 2415 606 2447 Seal.
630 2427 665 2446 co
689 2416 941 2460 ar911tilinques
971 2415 1085 2446 Bothe
1111 2415 1145 2447 2.

323 2473 452 2504 Dfintz.
485 2472 563 2502 item
595 2482 634 2502 ac
663 2483 705 2502 m.
734 2488 768 2494 —-
796 2470 966 2513 infantum
1003 2471 1146 2503 Schoell

324 2540 357 2570 p.
386 2526 477 2558 456.

283 2594 359 2624 pag.
390 2580 451 2613 10.
477 2586 513 2612 at
535 2580 610 2612 edes
633 2580 668 2612 J.
692 2580 738 2613 M.
773 2593 829 2621 μοι
849 2578 907 2624 γάρ
937 2581 984 2615 Μ.
1019 2581 1147 2614 Graeca

327 2638 363 2668 in
387 2638 451 2669 W.
479 2636 517 2666 L.
544 2636 635 2667 foede
659 2639 833 2678 corrupta.
883 2638 1009 2670 10vivit
1034 2638 1145 2669 Editt.

326 2693 413 2724 Post
436 2693 521 2723 illex
555 2692 708 2734 sequitur
740 2692 774 2722 in
806 2692 868 2722 W.
896 2693 934 2722 L.
986 2693 1148 2725 Torialim

328 2760 360 2790 p.
390 2747 449 2778 11.
476 2748 498 2778 l.
529 2746 675 2778 12—17
706 2746 942 2790 adpellabant,
975 2749 1035 2779 sed
1071 2751 1149 2780 sunt

328 2802 399 2834 haec
425 2803 528 2834 verba
554 2803 687 2834 uncinis
714 2803 855 2833 inclusa.
882 2804 975 2834 inlex
998 2804 1037 2835 L.
1062 2815 1105 2834 m.
1129 2803 1146 2834 1

327 2861 503 2900 σκιαμαχία
530 2860 599 2897 περὶ
628 2856 725 2897 τύφου
756 2858 799 2889 Α.
827 2858 859 2890 J.
886 2859 918 2891 M
964 2869 998 2891 20
1018 2859 1147 2902 Harpa·

1203 272 1275 311 qus
1302 259 1440 303 exzdet,
1470 262 1572 295 erret
1594 252 1730 293 Exlex.
1762 254 1888 293 Varro
1905 253 2077 292 Scioma-

1207 328 1288 374 cia,
1313 324 1412 380 περὶ
1437 317 1597 379 τύφοςι
1622 330 1809 378 postremo
1835 337 1980 378 quaro:
2010 336 2078 376 pa-

1205 397 1303 435 rebis
1328 396 1494 449 leqibtcs,
1532 408 1586 432 an,
1621 394 1727 430 non?
1769 392 1886 430 Anne
1908 393 2014 430 exlex
2030 401 2077 430 20

1207 467 1306 503 solus
1341 465 1465 503 vivis?
1519 462 1694 501 Lucilius
1732 461 1799 498 lib.
1834 476 1936 498 xxx:
1982 462 2079 499 acci-

1205 537 1318 589 piunt·
1330 536 1450 587 ἱερᾶς,
1469 533 1628 586 populus
1644 531 1779 585 quibus
1794 530 1937 583 leqibus
1957 531 2077 568 exlex.

1210 605 1393 642 Caeeilius
1439 604 1747 655 Sarpazomeuc:
1792 600 1887 654 quid
1923 612 2082 643 narras,

1209 673 1385 717 barbare,
1420 685 1501 710 cum
1524 671 1716 708 indomitis
1742 669 1928 713 moribus,
1956 668 2083 705 illitte-

1208 742 1321 779 rate?
1348 742 1423 779 ilex
1443 754 1494 778 eS.
1552 741 1718 778 Sisenna
1743 739 1810 776 lib.
1832 739 1908 776 iiii:
1949 739 2083 783 armis,

1210 813 1330 865 equis,
1357 810 1619 848 commeatibus
1649 822 1717 847 nos
1752 810 1871 861 niaqis
1905 810 2085 846 iuverunt

1212 881 1382 933 exleqes3
1426 886 1463 917 et
1494 881 1618 917 minus
1644 880 1786 916 honore
1813 879 1947 931 dignos
1971 883 2085 931 puta-

1210 950 1326 987 bitis?
1381 949 1438 986 M.
1467 949 1625 986 Tullius
1653 961 1725 999 pro
1757 948 1963 986 Cluentio:
2007 960 2086 984 non

1212 1031 1286 1073 quo
1313 1018 1370 1055 illi
1400 1023 1468 1055 aut
1499 1018 1661 1070 exleqem
1689 1018 1818 1061 ullam,
1839 1023 1908 1054 aut
1931 1028 2086 1054 causam

1208 1088 1379 1141 pecunioe
1404 1087 1563 1140 publicae
1595 1092 1843 1139 contemptam
1874 1092 1991 1140 atque
2023 1085 2087 1123 ab·

1212 1158 1346 1194 iectam
1368 1161 1571 1209 putarunt.
2038 1163 2084 1192 30

1262 1225 1475 1263 LURCONES
1496 1225 1593 1263 dicti
1610 1229 1702 1262 sunt
1716 1238 1736 1261 a
1748 1223 1985 1262 lurchando:
2004 1223 2085 1262 lur-

1212 1295 1327 1333 charc
1350 1300 1410 1332 est
1434 1308 1519 1332 cum
1547 1295 1732 1333 aviditate
1764 1293 1892 1331 cilium
1922 1307 2084 1331 sumere.

1210 1363 1388 1403 Lucilius
1406 1364 1635 1402 Saturarum
1649 1363 1736 1400 libr.
1752 1364 1779 1400 ii
1796 1379 1804 1400 ε
1823 1376 1912 1400 nam
1937 1357 2086 1414 (p.11.)

1213 1435 1308 1490 quid
1354 1434 1540 1478 moetino,
1582 1433 1822 1487 subiet-toque
1865 1433 1955 1470 huic
1993 1445 2086 1485 opus

1211 1505 1333 1556 siquo,
1363 1503 1412 1540 Ut
1435 1503 1683 1539 lurcharetur
1702 1502 1870 1546 Iardmn,
1895 1507 1932 1539 et
1951 1514 2087 1540 carna-

1213 1574 1276 1610 ria
1302 1572 1436 1624 fartim
1467 1572 1616 1609 Parum
1648 1570 1876 1620 conficeret?
1916 1572 2086 1622 Pompo-

1212 1643 1299 1679 nius
1326 1642 1455 1694 Syris:
1495 1642 1682 1694 lapatium
1716 1642 1861 1678 nullum
1894 1640 2088 1684 utebatur,

1212 1711 1364 1747 lardum
1377 1711 1577 1747 lurchabat
1589 1711 1734 1747 lubens.
1765 1710 1929 1748 Plautus
1944 1710 2085 1747 Persa:

1210 1779 1392 1831 perennis
1404 1779 1529 1817 herbae
1543 1779 1661 1824 lurco,
1684 1780 1795 1824 edax,
1808 1779 1942 1831 furax,
1948 1779 2083 1832 fugax.

1214 1847 1390 1885 Lucilius
1415 1848 1542 1900 Satyr.
1575 1848 1643 1885 lib.
1664 1863 1705 1886 v:
1750 1849 1866 1886 vivite
1897 1849 2086 1894 lurcones,

1216 1917 1446 1962 comedones,
1465 1918 1579 1955 vivite
1598 1918 1757 1955 ventris.
1799 1917 1927 1955 Varro
1941 1917 2019 1955 Eu·
2040 1925 2083 1956 10

1215 1987 1454 2025 menidibus:
1489 1993 1624 2025 contra
1654 2000 1736 2024 cum
1755 1986 1880 2039 psalte
1904 1987 2020 2039 pisia,
2050 1993 2087 2025 et

1217 2071 1300 2094 cum
1320 2057 1440 2095 Flora
1457 2057 1610 2093 lurcare
1638 2061 1679 2092 at
1720 2057 1873 2108 strepis.

1271 2125 1480 2164 TomAmM
1517 2129 1555 2162 et
1589 2124 1824 2164 Tonmmmu
1861 2126 2087 2177 designator

1223 2200 1282 2234 est
1303 2195 1430 2232 Varro
1463 2194 1512 2231 de
1541 2194 1620 2231 vita
1642 2193 1688 2231 P.
1707 2193 1756 2232 R.
1785 2194 1888 2232 libro
1912 2195 1944 2232 i:
1982 2194 2086 2250 quod

1255 2316 1382 2337 zomene
1410 2304 1456 2335 A.
1480 2303 1515 2335 J.
1539 2304 1587 2335 Μ.
1623 2302 1757 2333 Sullam
1790 2308 1850 2333 aut
1875 2314 2010 2333 causam
2032 2303 2081 2334 M.

1250 2365 1413 2404 putarent
1435 2359 1483 2390 Μ.
1517 2368 1552 2393 30
1576 2358 1740 2389 lut-cando
1763 2358 1877 2389 Editt.
1904 2361 1937 2389 et
1961 2358 2009 2389 sic
2032 2369 2081 2390 re-

1253 2415 1358 2458 liqua.
1382 2416 1516 2446 lurcare
1538 2414 1625 2444 enim
1647 2419 1697 2444 cst
1713 2414 1847 2455 Montp.

1211 2482 1288 2514 pag.
1317 2469 1378 2501 11.
1418 2469 1632 2513 subrectoque
1670 2469 1779 2500 Dusa.
1811 2468 1934 2511 fartim
1967 2467 2081 2500 Codd.

1252 2526 1378 2569 furtim
1401 2523 1442 2565 ej.
1461 2524 1570 2556 Turn.
1584 2524 1683 2566 prob.
1696 2524 1803 2556 Merc-
1817 2523 2082 2568 farlimpalrum

1256 2581 1349 2613 Scal.
1364 2592 1396 2623 p.
1409 2580 1501 2613 565.
1515 2579 1609 2613 469.
1620 2586 1758 2624 patrum
1783 2580 1826 2623 cj.
1839 2580 1944 2611 Turn.
1958 2580 2081 2612 XVII.

1256 2636 1319 2668 22.
1341 2636 1438 2679 prob.
1463 2636 1570 2668 Mero.
1592 2636 1720 2680 partim
1740 2635 1829 2667 Cod.
1852 2636 1935 2668 Jun.
1958 2647 2080 2676 purum

1257 2703 1323 2723 om.
1357 2693 1491 2734 Montp.
1529 2691 1625 2734 prob.
1659 2692 1760 2722 Lind.
1797 2691 1879 2723 Jun.
1921 2703 1960 2722 cx
2003 2702 2082 2723 con-

1253 2747 1397 2790 jectura.
1434 2746 1643 2788 Iarpathium
1677 2747 1724 2779 Μ.
1767 2748 1886 2779 nullus
1917 2745 1958 2788 ej.
1984 2746 2079 2789 Lips.

1257 2804 1373 2834 nullus
1399 2802 1588 2833 vescebatur
1613 2802 1693 2834 Gul.
1718 2803 1747 2833 I.
1780 2802 1838 2834 ill.
1878 2803 1980 2834 vivite
2003 2803 2077 2845 ,qlu-

1264 2864 1352 2890 Ioncs
1379 2870 1454 2891 com.
1492 2868 1532 2897 cl.
1560 2858 1650 2890 Scal.
1687 2864 1814 2890 ventres
1840 2860 1884 2890 Λ.
