2174 3267
379 191 478 229 1111.
530 190 603 228 DE
633 189 803 228 VARIA
830 187 1289 228 SIGNIFICATIONE
1318 186 1643 227 SERMONUM.

88 296 228 335 blande
261 302 298 335 et
327 298 436 334 docte
458 302 682 349 percontat,
719 296 853 334 Aenus
882 311 956 352 quo

85 373 199 419 pacto
226 366 376 404 Troiam
397 365 524 403 urbem
545 367 713 419 liquerit.

136 435 328 472 LAUDARE
364 440 424 472 est
460 435 589 473 verbis
623 436 783 474 ecferre.
826 436 954 486 Virgi-

88 505 180 541 lius:
218 504 378 540 laudato
415 505 585 555 inqentia
622 517 733 542 rura.
775 504 954 543 Laudare

88 574 202 610 etiam
223 573 415 623 significat
438 574 648 611 nominare.
684 574 790 625 Virg.
807 573 953 623 Georg.

88 642 154 679 lib.
182 657 239 679 111:
277 648 348 680 aut
388 644 583 680 inlaudati
612 645 730 680 nescit
757 643 955 681 Busiridis

792 713 954 750 Plautus

90 789 132 819 10
169 781 362 833 Captivis:
392 782 447 826 id,
474 787 516 819 ut
540 782 656 826 scias,
673 782 799 820 Iovem
823 796 953 836 supre-

84 711 206 749 aras?
233 712 274 749 id
303 717 385 758 est,
421 727 491 750 nec
524 713 755 750 nominandi.

83 864 184 887 mum
210 855 341 888 testem
367 851 499 895 laudo,
526 849 638 902 Eqio.

135 919 371 963 LUSTRARE,
399 921 568 972 expiare.
607 921 717 971 Virg.
736 921 774 957 in
796 920 953 957 Bucoli-

85 989 161 1026 cis:
203 995 241 1027 et
274 1004 358 1027 cum
385 990 581 1027 sollemnia
619 996 707 1027 vota
734 990 954 1029 Reddemus

83 1058 294 1113 Nymphis,
337 1065 374 1097 et
415 1073 499 1097 eum
536 1059 782 1097 lustrabimus
822 1071 950 1111 aqros.

84 1127 260 1166 Lucilius
297 1129 521 1182 Satyrarum
564 1129 629 1167 lib.
666 1143 715 1167 11:
751 1129 954 1172 lustratus,

81 1200 225 1250 piatus.
269 1197 473 1243 Lustmre,
502 1199 812 1249 circumspicere.
841 1197 953 1247 Vix-g.

83 1268 182 1304 Aen.
210 1267 277 1304 lib.
308 1281 373 1304 111:
416 1268 541 1304 omnia
578 1267 822 1310 collustrans,
852 1266 954 1303 lianc

79 1337 201 1388 primo
221 1336 267 1372 ab
287 1336 397 1372 litore
416 1336 573 1372 classem
594 1334 785 1388 Conspexi
802 1335 954 1372 venien-

82 1410 168 1442 tem.
212 1405 353 1443 Cicero
377 1405 684 1442 Tusculanarum
717 1405 784 1441 lib.
805 1419 849 1441 v:
885 1418 952 1455 eqo

82 1476 228 1520 ducem,
257 1489 340 1512 eum
371 1475 497 1512 omnia
523 1475 787 1511 collustrarem
811 1474 956 1517 oeulis,-

83 1550 139 1581 est
170 1546 268 1582 enim
296 1544 350 1581 ad
374 1549 509 1596 portas
544 1543 734 1581 Gaianas.
764 1543 953 1581 Lustrare

86 1622 131 1651 20
160 1618 219 1650 est
236 1613 449 1650 circumire.
477 1613 585 1663 Virg.
608 1612 675 1649 lib.
692 1626 783 1650 vm:
811 1613 955 1650 lustrat

83 1682 270 1720 Aventini
295 1688 469 1719 montem.
508 1682 646 1720 Livius
679 1682 839 1731 Egistoz
875 1688 954 1718 tum

82 1753 264 1789 lascivum
276 1752 419 1789 Nereis
435 1752 569 1788 simum
589 1764 703 1804 pecus
719 1750 877 1788 Ludens
903 1751 957 1787 ad

83 1827 236 1860 cantum
279 1821 442 1858 elussum
483 1820 690 1856 lustratur.
752 1819 954 1864 Lustrare,

83 1891 205 1943 sequi.
261 1890 369 1939 Vix-g.
406 1890 445 1926 in
478 1888 694 1926 Bucolicis:
733 1894 776 1925 at
811 1902 954 1926 meeum

82 1960 225 2004 raucis,
239 1964 309 1997 tua
320 1960 409 1996 dum
423 1959 583 2010 vestiqia
596 1958 728 1995 lustro.
750 1958 951 2003 Lustrare,

78 2078 185 2122 forme
196 2077 322 2120 chips.
346 2077 539 2120 infuturum
552 2078 594 2109 Β.
625 2079 715 2109 calor·
729 2078 783 2109 eui
796 2078 952 2121 liquesce-

83 2135 129 2165 rit
154 2134 196 2165 Β.
223 2146 298 2165 caro
321 2134 567 2177 colliquesceret
593 2134 722 2177 cherl.
747 2134 794 2165 cf.
818 2134 950 2176 Appul.

83 2188 177 2232 (pag.
193 2186 302 2223 555.)
326 2188 431 2232 Apol.
463 2189 603 2220 subiniae
628 2191 664 2221 L.
685 2190 729 2221 G.
759 2191 820 2221 sub
843 2190 952 2222 idoloc

85 2246 125 2276 de
159 2246 228 2277 lore
261 2245 322 2275 liae
346 2247 458 2276 anima
485 2246 525 2276 B.
564 2251 586 2276 1.
610 2245 714 2277 libide
737 2245 866 2277 deleitle
884 2247 952 2277 lore

82 2303 165 2334 Mss.
180 2303 288 2334 Mei-c.
315 2301 423 2333 Turn.
443 2300 508 2337 29,
523 2300 586 2332 28.
611 2302 731 2339 stnsia,
754 2303 872 2332 sticum
897 2314 950 2332 su-

82 2357 178 2388 bidae
194 2357 283 2388 delio
298 2357 338 2388 de
355 2358 423 2387 lore
439 2356 498 2388 hoe
511 2358 620 2388 animo
632 2356 690 2387 1⁴A.
709 2358 745 2389 J.
760 2358 951 2388 stasiasris:

84 2419 153 2444 tum
177 2413 238 2443 tibi
261 2412 301 2443 de
324 2412 437 2444 dolore
461 2411 519 2443 hoc
543 2412 649 2443 Turn.
675 2412 729 2444 l.l.
755 2424 825 2442 cum
843 2413 951 2443 subito

83 2469 194 2500 dolore
217 2468 276 2499 hoc
298 2469 390 2510 ng.
417 2480 488 2499 cum
505 2468 596 2498 subit
615 2468 748 2511 Edfflii,
771 2468 885 2499 dolore
898 2468 951 2499 llic

83 2525 215 2555 aninms
250 2524 343 2566 Lips.
378 2536 430 2566 ep.
456 2535 511 2567 qu.
544 2523 581 2559 4,
611 2522 647 2555 8.
689 2521 806 2567 (Edyl.
830 2536 948 2555 nomen

83 2580 235 2611 mulieris
258 2580 292 2610 iu
316 2580 368 2611 ΡΙ.
380 2576 578 2613 Pseudolo.)
603 2586 671 2610 tum
695 2581 804 2611 subito
819 2580 879 2612 hoc
895 2581 950 2611 do-

84 2637 154 2667 lore
180 2635 257 2666 haec
285 2637 395 2667 areima
435 2636 629 2679 cherlach.
666 2643 840 2679 perconlat
873 2649 951 2667 enos

84 2691 266 2724 Msffllerc.
292 2693 442 2734 cf.Lips.
471 2693 503 2727 1,
518 2691 552 2724 2.
574 2693 785 2735 percontaris
808 2693 842 2724 J.
858 2691 950 2724 585.

86 2753 238 2790 terresque
258 2753 356 2789 pacto
381 2759 444 2791 quo
469 2749 558 2791 ng.
583 2749 730 2779 Aeneam
748 2748 902 2791 charrio
915 2747 952 2785 5,

88 2802 148 2835 10.
164 2803 250 2834 elib.
260 2803 455 2835 Elnonensi.
476 2811 650 2847 percontat
667 2818 714 2835 em
730 2816 815 2848 ‘1¹⁴⁰-
827 2806 952 2849 dique·

84 2860 446 2902 r1'11ipzant.lec.t
476 2860 507 2895 1
527 2860 563 2893 (2.
590 2861 767 2892 B·1.1·1·id1s
792 2862 837 2893 cf.
859 2861 953 2892 Gell.

88 2929 118 2952 10
143 2917 187 2952 2,
211 2914 248 2947 6.
274 2917 426 2948 Macrob.
445 2916 490 2954 6,
508 2916 544 2950 7.
582 2919 821 2951 LuciliusSat.
835 2918 892 2950 lib.
911 2919 952 2949 V.

1802 187 1891 227 229

1021 297 1256 348 patefacere.
1297 295 1437 334 Cicero
1476 296 1514 332 in
1545 294 1715 332 Catilina
1754 293 1825 332 lib.
1856 308 1891 331 1:

1020 368 1056 403 si
1075 366 1307 410 lustrantur,
1325 366 1363 402 si
1381 371 1584 417 erumpunt
1607 364 1761 401 omnia?
1786 369 1893 401 muta

1019 437 1096 472 iam
1118 436 1229 472 istam
1250 440 1425 472 mentem.
1466 435 1575 485 Virg.
1598 434 1696 471 Aen.
1721 433 1788 471 lih.
1809 447 1889 470 1111:

1018 511 1174 558 postera
1193 504 1341 542 Foebea
1356 504 1548 541 lustrabat
1559 504 1737 556 lampade
1751 508 1891 540 terras.

1021 574 1206 612 Lustrare
1230 574 1391 611 dicimus
1413 578 1452 610 et
1479 572 1667 616 scortari,
1701 587 1719 608 a
1747 572 1893 609 lustris.

1021 643 1185 680 Plautus
1200 642 1398 680 Pseudulo
1412 658 1419 678 ε
1447 642 1647 685 laxantur,
1660 641 1894 684 lustrantur,

1637 710 1814 748 Lucilius
1846 717 1892 747 30

1020 782 1087 819 lib.
1104 796 1200 819 xxx:
1230 795 1340 836 quem
1369 786 1523 833 sumptu
1548 780 1648 830 facis
1677 780 1719 816 in
1745 779 1892 822 lustris,

1021 713 1233 756 comedunt,
1276 712 1379 766 quod
1419 710 1574 748 habent.

1019 853 1159 889 circum
1174 850 1315 904 oppida
1331 850 1519 886 lustrans.
1549 848 1736 886 Lustrare
1747 876 1758 893 ‚
1778 861 1890 899 prae-

1019 921 1186 971 spicere,
1203 933 1427 970 agnoscere.
1449 918 1636 969 Vi1·g.lih.
1654 931 1742 955 vui:
1769 917 1832 954 ille
1851 929 1891 954 os

1018 990 1196 1043 culosque
1229 988 1418 1043 loquentis
1457 987 1542 1025 Iam
1581 987 1725 1024 dudum
1764 992 1802 1023 et
1837 991 1892 1022 to-

1018 1064 1098 1095 tum
1121 1057 1312 1095 lustrabat
1340 1058 1481 1094 lumine
1510 1069 1658 1109 corpus.
1699 1052 1756 1107 (p.
1772 1051 1890 1097 556.)

1019 1128 1076 1165 Μ.
1108 1128 1264 1166 Tullius
1287 1128 1336 1164 de
1356 1126 1506 1163 Officiis
1534 1126 1598 1162 lib.
1623 1139 1656 1162 1:
1699 1125 1780 1169 sed,
1808 1138 1892 1162 eum

1018 1199 1143 1234 omnia
1169 1198 1319 1233 ratione
1347 1196 1548 1249 animoque
1576 1194 1819 1231 lustraveris.

1070 1265 1224 1310 Luam,
1250 1265 1360 1303 locus
1389 1264 1517 1301 standi
1548 1264 1673 1301 datus.
1702 1263 1894 1312 Virgilius

1019 1335 1086 1372 lib.
1105 1349 1161 1372 vi:
1190 1335 1404 1386 corripiunt
1427 1335 1551 1386 spatio
1580 1333 1738 1376 audito,
1760 1333 1891 1369 limen-

1017 1418 1091 1459 que
1110 1405 1348 1459 relinquunt.
1373 1404 1525 1448 Limen,
1542 1403 1665 1440 omnis
1685 1403 1894 1453 ingressus.

1017 1474 1126 1523 Virga
1150 1475 1248 1511 Aen.
1276 1474 1342 1511 lib.
1369 1488 1414 1510 11:
1444 1474 1557 1510 limen
1574 1477 1662 1510 erat
1682 1485 1892 1527 caecaeque

1016 1542 1134 1594 fores,
1169 1549 1204 1580 et
1233 1545 1389 1595 pervius
1427 1556 1532 1580 usus.
1582 1543 1707 1580 Varro
1728 1542 1893 1592 Virgula

1018 1613 1175 1650 divina:
1215 1613 1271 1650 ad
1293 1626 1386 1668 quos
1415 1628 1497 1651 eum
1529 1613 1694 1650 volucris
1719 1612 1825 1649 venti
1850 1617 1893 1648 ut

1017 1682 1101 1719 illos
1136 1695 1256 1737 usque
1290 1684 1346 1720 ad
1380 1683 1512 1720 limina
1537 1682 1663 1719 nitida
1701 1681 1798 1718 bilis.
1845 1688 1888 1719 10

1016 1751 1156 1788 Limen
1193 1765 1270 1788 non
1301 1752 1446 1795 solum,
1485 1752 1591 1802 quod
1625 1751 1695 1788 sub
1725 1750 1892 1801 pedibus

1019 1825 1100 1865 est,
1129 1821 1295 1864 dicitur,
1335 1821 1404 1857 scd
1432 1820 1544 1857 etiam
1573 1821 1680 1872 quod
1712 1820 1891 1870 superius

1018 1895 1077 1927 est
1122 1890 1333 1940 ingressus.
1386 1889 1535 1927 Novius
1573 1890 1712 1927 Macco
1755 1890 1889 1927 exule:

1017 1959 1131 1996 limen
1154 1972 1355 2009 superum,
1387 1960 1490 2013 quod
1513 1961 1588 1996 mei
1608 1961 1744 1997 misero
1774 1971 1890 2012 saepe

1016 2079 1185 2109 lustratus
1208 2079 1326 2120 piatus
1350 2079 1388 2109 Β.
1429 2079 1593 2122 qrave’nas
1618 2079 1661 2109 Β.
1696 2090 1755 2123 eqo
1779 2084 1888 2109 autem

1017 2135 1120 2175 Vulg.
1137 2133 1356 2165 Aclzradinas
1370 2135 1486 2166 Klotz.
1499 2135 1642 2177 Ae‘qisto
1653 2135 1700 2166 cf.
1710 2147 1744 2177 p.
1755 2132 1842 2168 158,
1855 2145 1891 2169 20

1017 2189 1082 2221 29.
1102 2190 1193 2221 Scal.
1208 2202 1241 2233 p.
1259 2189 1322 2221 56.
1337 2190 1442 2221 Tui-n.
1460 2189 1522 2226 29,
1538 2189 1602 2222 28.
1628 2191 1780 2222 Naevius
1795 2190 1888 2222 471.

1017 2244 1109 2277 476.
1134 2245 1225 2278 511.
1249 2247 1283 2278 Α
1302 2246 1354 2278 ..1.
1382 2245 1472 2278 585.
1486 2246 1576 2278 Scal.
1600 2246 1791 2277 micantum
1806 2248 1889 2278 elas-

1016 2302 1102 2331 sinm
1128 2302 1150 2332 l.
1176 2313 1206 2343 p.
1226 2300 1315 2339 120‚
1337 2302 1395 2333 17.
1421 2302 1513 2334 Scal.
1540 2302 1630 2345 conj.
1657 2315 1690 2345 p.
1714 2302 1778 2334 21.
1812 2315 1887 2334 ecan-

1017 2363 1086 2387 tum
1111 2358 1263 2388 clausum
1286 2357 1379 2389 476.
1398 2357 1490 2390 511.
1510 2359 1554 2390 Α.
1572 2359 1610 2391 J.
1629 2358 1719 2391 585.
1744 2360 1889 2390 classum

1016 2411 1208 2454 556.·ngJ.
1235 2414 1394 2444 classium
1417 2426 1443 2444 s.
1469 2416 1646 2446 classicum
1659 2415 1724 2458 ch.
1751 2416 1888 2446 classem

1016 2467 1215 2511 edentzer.
1257 2469 1302 2500 ad
1326 2475 1451 2500 cantem
1475 2471 1612 2502 classem
1640 2472 1686 2503 G.
1713 2472 1752 2503 Β.
1779 2471 1885 2502 Turn.

1016 2523 1079 2561 29,
1093 2522 1155 2555 28.
1169 2525 1395 2555 illustrantur
1408 2525 1518 2558 Orell.
1545 2528 1771 2558 luxuriantur
1784 2528 1886 2559 lustr.

1015 2592 1090 2611 com.
1109 2580 1225 2611 Plaut.
1259 2582 1448 2624 perspicere
1471 2582 1627 2615 B.G.A.
1669 2583 1830 2614 lustr-aris
1852 2592 1888 2617 30

1016 2637 1126 2670 Orell.
1150 2638 1301 2668 volucris
1324 2639 1416 2669 venti
1441 2646 1475 2670 nl
1500 2652 1553 2671 eos
1578 2652 1609 2671 u.
1631 2641 1676 2671 A.
1709 2636 1758 2682 (p.
1779 2636 1888 2674 556.)

1015 2706 1086 2724 cum
1123 2694 1314 2724 volucribus
1349 2696 1441 2726 venti
1475 2700 1512 2726 ut
1545 2697 1626 2727 illos
1659 2697 1701 2728 L.
1740 2697 1889 2727 volucris

1020 2750 1110 2780 venit
1141 2754 1179 2779 ut
1210 2750 1290 2782 illos
1326 2761 1428 2793 usque
1458 2751 1503 2781 ad
1527 2753 1647 2783 limina
1670 2753 1737 2782 niti
1760 2752 1888 2783 dabilis

1020 2807 1061 2837 Β.
1100 2805 1212 2836 nitida
1242 2806 1367 2837 adierit
1398 2808 1600 2850 cherlach.
1642 2815 1710 2840 tum
1739 2809 1888 2839 volucris

1019 2862 1109 2893 venit
1133 2862 1288 2899 pusillos,
1319 2863 1446 2907 Usque.
1462 2865 1592 2895 audica
1631 2866 1712 2896 vilis
1737 2866 1884 2907 Popma.

1696 2919 1881 2952 Scal.cat.

1021 2924 1044 2949 t.
1071 2930 1097 2949 υ.
1126 2930 1155 2953 υ,
1178 2930 1213 2961 p.
1241 2920 1469 2960 usq...nitlica
1494 2932 1568 2951 esca
1592 2921 1672 2951 vilis
