2174 3267
570 166 685 204 VIII.

198 272 382 311 GLuTmo
396 285 469 323 pro
483 273 646 323 glutine.
656 271 836 309 Lucilius
847 271 1035 309 lib.xxv1:

147 351 192 380 30
218 344 432 395 praeterito
456 343 586 396 tepido
605 343 824 393 ‹qlutinator
843 341 1029 393 qlutinor.

199 413 353 450 CAurio
386 426 457 463 pro
486 413 651 450 cautela.
682 412 825 450 Cicero
853 413 902 449 de
927 410 1028 448 Ora-

145 487 229 519 tore
267 481 335 519 lib.
359 497 404 518 11:
448 496 574 536 neque
611 483 680 520 illa
709 483 805 520 mihi
833 482 961 519 cautio
992 487 1029 518 et

142 552 329 589 timiditas
356 553 398 588 in
423 553 552 589 caasis
577 559 739 605 propter
760 550 1028 605 praestantem

138 621 388 672 prudentiam
416 621 554 660 Crassi
575 622 816 674 wiegleyerzda
846 627 912 658 est.

143 688 205 742 (p.
222 688 350 736 492.)
422 692 606 729 Fenocm
630 705 703 743 pro
726 692 942 728 ferocitate.
971 689 1027 729 M.

142 761 302 798 Tullius
328 761 375 798 de
403 761 463 798 Re
488 761 649 812 publica
665 760 733 798 lib.
754 774 813 798 vi.-
849 761 920 815 qni
939 773 1027 797 con-

140 832 286 880 tnperit
325 831 407 867 eius
446 832 520 868 vim
561 837 598 867 et
636 830 878 881 ecfrenatam
922 829 1027 866 illam

136 900 333 950 ferociam.

193 968 309 1006 GELo
341 983 412 1021 pro
440 971 544 1020 gelu.
584 970 713 1008 Varro
743 969 1025 1021 Sesqueulixe:

140 1039 361 1076 Puer-idum
392 1053 526 1084 comes,
560 1054 634 1094 que
658 1045 792 1077 tenent
825 1045 916 1077 cata
943 1039 1028 1091 gelo

137 1110 251 1162 putri
274 1111 457 1146 montium
487 1110 591 1146 laxa.

141 1205 144 1209 ,
194 1180 338 1217 Cnsr‘1s
362 1192 434 1230 pro
464 1179 648 1216 cestibus,
686 1179 811 1215 Varro
832 1177 1027 1220 Devictis,

140 1245 236 1301 περὶ
256 1244 515 1302 φιλονικίαςε
546 1248 652 1284 dicat
670 1247 780 1300 paqil
802 1248 851 1283 is.-
876 1252 1027 1299 specta-

146 1327 188 1356 10
205 1320 313 1361 toris,
334 1319 404 1371 qui
414 1318 595 1354 miserum
607 1318 758 1369 putatis
770 1316 888 1359 vinci,
908 1329 1028 1369 quae-

130 1376 182 1424 Ξνο
205 1401 230 1424 a
253 1387 378 1424 vobis:
406 1387 443 1423 si
467 1387 722 1424 adversarius
745 1386 957 1439 supercilia
977 1387 1030 1422 mi

138 1459 250 1494 cestis
294 1458 574 1508 discopulant,
618 1471 711 1493 nam
741 1457 828 1511 quis
857 1461 1027 1493 vestrum

138 1541 248 1565 suam
273 1528 370 1564 mihi
401 1532 458 1564 est
488 1526 681 1564 daturus?

742 1595 872 1634 Varro
898 1595 1028 1632 Mele-

138 1668 259 1718 agris:
296 1681 469 1722 quaero,
495 1673 626 1703 utram
651 1665 820 1717 fruc-tais
844 1679 897 1701 an
923 1665 1026 1701 dele-

190 1598 393 1635 Fnumrms
425 1611 500 1648 pro
526 1597 686 1634 fructus.

138 1739 319 1774 ctationis
354 1750 493 1774 causas
531 1737 720 1779 tractuis,
764 1742 807 1771 ut
835 1735 1026 1771 vendatis.

138 1807 250 1844 Idem
271 1807 397 1844 Varro
425 1806 525 1843 Tafe
546 1805 751 1855 Minippu:
781 1804 928 1858 aliquot
947 1804 1025 1842 Ro-

138 1890 224 1913 mae
255 1882 366 1919 sunt,
398 1876 468 1929 qai
497 1866 615 1912 ce‘lias
646 1875 824 1911 vinarias
856 1874 1026 1925 fructetis

138 1959 260 1983 causa
287 1945 478 1997 fecerunt.

192 2016 375 2063 Quafis‘n
396 2028 468 2066 pro
487 2017 684 2065 quaestus.
714 2013 841 2050 Varro
859 2013 1024 2050 Prome-

138 2084 231 2122 theo
258 2084 326 2121 lib’
343 2101 350 2121 :
377 2084 568 2121 aemulum
589 2084 692 2120 illius
712 2085 808 2120 artis
825 2088 942 2137 atque
963 2082 1025 2119 ob-

141 2163 187 2193 20
222 2155 498 2206 &afficitor-em,
538 2166 640 2207 qaae
678 2158 841 2206 propter
877 2153 1027 2207 aliquot

138 2238 260 2262 annos
291 2226 448 2278 quaesti
473 2223 569 2259 nihil
594 2222 742 2270 fecerit.

139 2307 174 2332 30
203 2296 379 2340 chopma.
406 2301 582 2338 prat-teuto
612 2295 671 2325 alii
709 2305 765 2335 ap.
796 2294 940 2326 Dusam.
972 2296 1022 2339 ql.

136 2355 273 2396 qlutiuo
292 2354 372 2384 edd.
392 2352 508 2383 Cicero
525 2363 560 2393 p.
573 2350 665 2386 228,
684 2350 748 2381 22.
766 2350 1026 2394 lib.v.·quiAJ‚

140 2405 191 2450 (p.
211 2406 320 2444 492.)
339 2409 421 2440 Mai.
450 2408 607 2448 conquerit
632 2407 695 2443 vv,
721 2407 804 2439 edd.
828 2407 931 2438 etiam
950 2407 978 2437 L
1005 2418 1025 2438 a

141 2463 164 2495 2
184 2476 225 2495 m.
251 2466 428 2506 cmnpescit
453 2463 613 2507 chigon.
642 2463 837 2505 conipressit
864 2462 1027 2505 choser.

140 2520 330 2551 contuderit
344 2520 483 2562 cjssoth.
510 2519 686 2550 Pieridum
706 2518 834 2560 chcal.
848 2520 894 2551 M.
908 2518 1023 2550 Gebh.

140 2576 274 2607 comites
293 2576 325 2608 J.
343 2588 427 2620 quae
445 2583 535 2607 tenes
549 2575 679 2618 chcal.
691 2576 737 2606 M.
757 2581 879 2606 cavata
894 2575 1023 2618 chcal.

141 2632 277 2674 probu.
302 2632 417 2664 Gehh.
441 2639 554 2664 strata
577 2632 672 2673 ng.
697 2632 856 2663 montium
883 2643 969 2662 saxa
994 2630 1023 2673 cj

141 2690 282 2721 Bentin.
305 2690 398 2721 Scal.
426 2689 541 2721 Gebh.
566 2690 678 2721 Varro
704 2701 766 2719 vae
791 2689 893 2719 victis
915 2687 1026 2719 AJM.

144 2756 176 2780 10
191 2746 293 2776 ducat
314 2747 339 2777 L
355 2758 398 2777 m.
412 2746 449 2777 2.
471 2752 675 2788 spectatores
694 2745 787 2787 ing-I,
809 2746 953 2787 Popula.
974 2756 1028 2775 su-

137 2803 300 2846 pereilita
314 2802 352 2832 L.
372 2802 593 2833 discobinarit
605 2802 715 2833 AJM.
734 2813 797 2832 sua
809 2801 893 2831 milii
909 2800 1027 2832 1480.

142 2858 236 2899 ng,
254 2858 300 2889 Μ.
321 2869 385 2902 pro
401 2858 574 2899 fructibus
589 2859 654 2895 uf,
671 2861 750 2889 ante
761 2857 794 2889 J.
814 2869 877 2900 pro
889 2857 1029 2899 fruetis..

142 2924 312 2956 superscr.
338 2914 379 2944 lm
400 2913 439 2944 L.
463 2925 567 2944 causa
586 2914 726 2955 fructus
750 2917 827 2944 ante
849 2912 895 2945 M.
913 2912 1028 2943 causa*

743 165 817 204 DE
845 163 1087 204 MUTATA
1116 164 1561 204 DECLINATIONE.

1884 168 1976 207 555

1146 271 1366 309 SENECTAM
1402 285 1475 323 pro
1510 276 1727 309 senectute.
1770 272 1879 323 Vin-g.
1905 274 1974 312 lib.

1095 355 1152 377 v1:
1184 342 1285 378 vires
1311 342 1416 378 altra
1439 348 1658 396 sortemque
1678 348 1868 380 senectae.
1896 343 1975 381 Lu-

1094 410 1206 447 cilius
1228 410 1298 448 lih.
1312 425 1464 448 xxvm:
1490 413 1802 464 prospiciendum
1823 427 1913 465 erqo
1937 414 1979 451 in

1091 486 1248 516 senecta
1273 494 1377 518 minc
1403 468 1669 519 adulescentia
1695 489 1763 520 est.

1144 549 1315 586 INEnMis
1342 563 1416 601 pro
1441 550 1667 587 inermibus.
1699 552 1913 589 Sallustius
1937 553 1976 589 iu

1094 617 1310 668 Iugurthae
1345 618 1471 655 bello:
1501 633 1626 674 neque
1653 635 1883 674 quemquam
1911 623 1977 659 de-

1092 701 1193 732 cere,
1228 690 1297 741 qui
1323 702 1462 725 nzanns
1491 692 1718 734 armaverit,
1745 691 1792 728 ab
1820 693 1976 730 inermis

1088 757 1253 809 pedibas
1280 759 1466 795 auxilium
1484 764 1628 811 petere.
1673 760 1841 798 Sisenna
1871 762 1977 799 Hist.

1092 828 1162 865 lib.
1184 842 1244 864 111:
1272 828 1471 883 plerisque
1497 830 1654 867 inermis
1677 831 1718 867 in
1737 837 1870 868 castra
1885 846 1977 883 per-

1092 897 1266 950 fagiunt.

1149 967 1334 1006 GALmAE
1370 982 1441 1019 pro
1460 967 1653 1007 Gallicae.
1695 970 1908 1008 Sallustius
1931 980 1976 1010 30

1095 1038 1200 1075 llist.
1225 1037 1293 1075 lib.
1317 1052 1396 1075 1111:
1428 1053 1512 1076 cum
1542 1041 1711 1084 interim,
1744 1041 1887 1078 lamine
1910 1044 1979 1079 eti-

1093 1121 1156 1144 am
1183 1114 1265 1144 tum
1292 1110 1461 1153 incerto,
1495 1110 1599 1146 duae
1627 1109 1781 1148 Galliae
1807 1111 1980 1149 mulieris

1094 1183 1319 1214 conventum
1343 1180 1503 1216 vitantis
1529 1180 1583 1216 ad
1609 1186 1811 1218 menstrua
1831 1182 1978 1219 solven-

1092 1247 1148 1283 da
1177 1253 1340 1284 montem
1371 1249 1600 1286 ascendant.

1143 1315 1315 1353 Ermum
1342 1331 1416 1368 pro
1444 1318 1602 1369 efligies.
1631 1319 1747 1357 Afra·
1767 1320 1829 1371 (p.
1849 1318 1978 1368 495.)

1091 1387 1180 1423 nius
1200 1386 1400 1438 Vopisco:
1439 1389 1547 1425 caius
1575 1394 1613 1426 te
1635 1389 1802 1428 suscitat
1832 1391 1980 1443 Imaqo,

1091 1457 1200 1494 cuias
1226 1456 1370 1508 effigia,
1401 1464 1586 1509 coynatas
1617 1459 1762 1511 patre?

1144 1526 1400 1564 humanm
1424 1542 1495 1578 pro
1518 1529 1838 1580 intemperantia,
1871 1532 1978 1582 apud

1091 1601 1266 1634 veterem
1292 1599 1538 1636 auctoritatis
1566 1599 1777 1637 obscurae:
1804 1601 1876 1638 has
1897 1602 1979 1640 eius

1091 1667 1413 1718 intemperantias
1444 1669 1484 1704 in
1513 1671 1709 1708 maritam.
1876 1694 1878 1697 v

1864 1742 1978 1779 Afra-

1091 1807 1176 1842 nius
1207 1806 1420 1855 Privigno:
1457 1815 1722 1865 poematorum
1754 1824 1832 1848 non
1864 1811 1977 1849 bono-

1143 1737 1433 1774 POEMATORUM
1468 1752 1541 1788 pro
1571 1744 1808 1789 POCIlIatUm.

1090 1889 1190 1912 ram.
1229 1876 1393 1913 Plautus
1415 1877 1617 1916 Asinaria:
1645 1893 1736 1917 nam
1756 1894 1827 1918 nec
1843 1880 1977 1930 fictum

1089 1959 1272 1999 umquam
1305 1952 1380 1991 est,
1414 1961 1540 2002 neque
1569 1951 1736 2002 pictum,
1765 1965 1890 2006 neque
1932 1961 1974 1991 10

1089 2014 1274 2052 scribtam
1309 2017 1350 2053 in
1378 2019 1578 2068 poematis,

1145 2084 1300 2122 CAUTio
1347 2099 1420 2136 pro
1460 2087 1627 2126 cautela.
1688 2090 1902 2130 Terentius
1938 2093 1977 2130 in

1090 2153 1261 2191 Andria:
1286 2169 1452 2208 puerum
1473 2163 1603 2194 autem
1628 2173 1677 2195 ne
1700 2162 1887 2199 resciscat
1909 2165 1977 2201 mi-

1091 2222 1135 2260 ]ιὶ
1163 2236 1246 2261 esse
1269 2237 1316 2262 ex
1340 2225 1423 2270 illa,
1453 2228 1595 2265 cautio.

1088 2295 1241 2338 fructetis
1250 2297 1297 2328 M.
1308 2298 1396 2328 Post
1415 2310 1517 2329 causa
1534 2300 1732 2330 addendum
1747 2307 1781 2331 tu
1794 2303 1930 2334 venaris
1946 2304 1976 2347 cj

1089 2351 1253 2389 NFaber,
1267 2353 1323 2396 qui
1341 2354 1524 2385 continuat
1541 2367 1573 2397 p.
1588 2354 1652 2391 99,
1667 2355 1732 2388 26.
1752 2357 1868 2389 hortos
1881 2358 1976 2390 habe-

1089 2408 1160 2438 atis
1185 2410 1326 2450 supplet
1346 2409 1447 2442 Voss.
1466 2414 1594 2442 eausa?
1619 2413 1651 2442 si
1663 2413 1819 2455 f'ructiu's
1833 2415 1975 2458 choth.

1090 2466 1241 2495 veneatis
1257 2469 1337 2496 ante
1350 2465 1393 2496 Α.
1405 2467 1547 2510 aliquod
1562 2468 1625 2499 W.
1642 2469 1928 2513 obstriffl‘latormn
1940 2472 1976 2503 A

1089 2519 1160 2551 JM.
1185 2532 1270 2564 quae
1291 2533 1352 2565 per
1374 2522 1521 2565 Popma.
1546 2526 1606 2567 qui
1623 2536 1684 2568 per
1698 2525 1772 2558 JM.
1793 2527 1929 2570 aliquos
1941 2540 1978 2564 20

1095 2601 1101 2607 .
1124 2601 1130 2607 .
1147 2577 1229 2618 fecit
1248 2581 1328 2609 ante
1348 2579 1393 2609 A.
1412 2579 1448 2609 in
1464 2586 1629 2612 senectam
1648 2581 1837 2623 chrDusa.
1863 2584 1975 2616 adole-

1088 2633 1235 2664 scentiae
1250 2639 1299 2664 est
1318 2633 1505 2676 chrDusa‚
1519 2636 1564 2667 M.
1579 2649 1767 2680 quenquam
1783 2639 1896 2671 dicere
1908 2642 1977 2672 W.

1088 2689 1242 2731 plerique
1256 2690 1296 2726 L,
1314 2695 1392 2722 ante
1406 2690 1453 2722 M.
1477 2692 1640 2724 inlzermis
1652 2695 1689 2725 L.
1712 2695 1834 2726 inermi
1854 2695 1975 2729 1526.

1090 2744 1124 2776 J.
1147 2746 1306 2775 mutieres
1329 2758 1355 2777 c.
1379 2747 1528 2778 vitantes
1550 2753 1628 2780 ante
1645 2751 1691 2781 M.
1716 2762 1780 2794 quo
1795 2758 1923 2796 gnatus
1943 2763 1979 2788 30

1090 2812 1124 2843 p.
1138 2801 1251 2841 princ.
1268 2801 1408 2844 probM.
1425 2803 1548 2837 Bothe.
1564 2806 1674 2837 Neulz.
1693 2807 1787 2850 apud
1803 2805 1852 2851 (p.
1866 2806 1980 2845 495.)

1094 2862 1253 2888 veterem:
1272 2862 1323 2889 est
1339 2859 1476 2892 Gellius
1494 2860 1527 2898 1,
1545 2861 1605 2898 17,
1622 2861 1656 2893 2.
1670 2863 1742 2894 eius
1760 2864 1980 2908 intemperiae

1100 2910 1216 2943 1480.
1234 2914 1344 2945 AJM.
1362 2916 1514 2948 Plautus
1534 2929 1566 2960 p.
1580 2916 1674 2955 509,
1695 2918 1758 2951 15.
1783 2922 1895 2952 cautio
1916 2926 1977 2952 est.
