2174 3267
273 138 359 177 194

269 244 419 282 turbam
433 243 684 288 morantibus,
702 250 738 281 et
748 244 866 288 nullo,
881 251 924 281 ut
937 245 976 281 in
994 251 1144 281 terrore

267 314 383 354 solet,
414 315 569 363 ‘qeneris
609 319 680 350 aut
724 315 875 366 imperii
910 315 1146 356 discrimine,

264 395 338 433 per
362 381 539 418 calonum
564 395 727 434 corpora
748 383 802 419 ad
824 383 989 420 medium
1009 384 1142 437 quasi:

267 451 359 487 dein
374 463 492 502 super
505 451 745 488 adstantium
755 452 928 488 ”canibus
944 454 985 488 in
995 466 1144 489 murum

267 520 470 557 attollitur.
512 520 621 570 virg.
647 521 748 559 Aen.
779 521 846 558 lib.
873 535 906 558 1:
944 521 1038 558 Tros
1071 522 1143 572 Ty-

266 590 426 643 riusque
468 590 561 626 mihi
582 591 685 626 nullo
717 590 936 628 discrimine
965 591 1140 628 habetur.

266 657 325 696 Μ.
341 659 500 696 Tullius
528 660 569 696 in
593 659 805 711 Filippicis
828 660 896 697 lib.
916 674 991 697 xu:
1022 659 1145 697 Etru-

873 728 1051 766 Lucilius
1077 729 1144 766 111).

263 812 426 835 xxvun:
457 803 494 836 et
522 798 678 835 (uitabat
701 810 852 842 omnes,
886 800 978 835 nam
1000 804 1044 835 ut
1068 799 1145 835 dis-

262 729 363 766 riam
387 728 629 766 discriminat
652 727 824 766 Cassius.

265 869 410 905 crimen
423 881 500 904 non
511 867 622 918 facit,
638 880 762 921 neque
779 868 908 919 siqnat
922 867 1023 904 linea
1039 867 1140 904 alba.

264 936 501 982 Discrimen,
527 942 735 974 certamen.
764 937 874 987 Virg.
898 936 966 973 lib.
986 951 1031 973 v:
1057 943 1147 989 post

268 1014 314 1044 30
343 1007 412 1043 hos
438 1019 534 1060 equo
557 1006 778 1043 discrimine
801 1007 944 1058 pistrix
976 1005 1144 1044 Centau-

265 1088 409 1129 rusque
429 1076 550 1112 locum
572 1076 738 1130 tendunt
756 1089 944 1129 superare
958 1077 1141 1128 priorem.

314 1144 435 1190 Dum,
451 1144 640 1183 delectari
662 1145 725 1183 vel
742 1146 908 1183 avocari.
918 1146 974 1183 M.
986 1146 1145 1183 Tullius

266 1213 316 1251 de
335 1213 499 1251 Finibus
521 1214 712 1252 honorum
733 1220 773 1252 et
801 1215 989 1252 malorum
1016 1215 1084 1252 lib.
1102 1228 1142 1252 v:

265 1283 440 1336 dantque
466 1297 507 1320 se
526 1284 580 1320 ad
604 1284 815 1321 ludendum
839 1284 1146 1338 fabellarumque

267 1347 323 1403 (p.
337 1348 458 1397 285.)
492 1353 690 1390 auditione
722 1354 932 1390 ducuntur.
975 1354 1146 1398 Ducere,

267 1422 360 1473 pati.
402 1422 511 1472 Virg.
532 1422 632 1459 Aen.
660 1421 728 1459 lib.
748 1436 827 1460 1111:
857 1428 948 1460 nate
969 1423 1058 1466 dea,
1080 1437 1146 1475 po-

266 1497 324 1529 tes
337 1491 406 1529 hoc
419 1491 488 1528 sub
507 1504 599 1528 casu
615 1492 756 1528 ducere
769 1504 918 1529 somnos
931 1492 948 1528 ἱ)
976 1492 1147 1537 Ducere,

267 1560 432 1605 nudare,
468 1574 642 1599 exerere.
681 1560 790 1610 Virga
817 1560 885 1598 lib.
902 1576 976 1597 xu:
1001 1562 1064 1598 ille
1089 1567 1147 1598 ta-

267 1642 354 1667 men
380 1629 499 1682 clipeo
532 1629 673 1667 obiecto
702 1642 904 1666 conversus
939 1630 979 1666 in
1006 1630 1149 1667 hostem

267 1699 371 1743 Ibat,
392 1706 430 1736 et
444 1700 630 1736 auxilium
649 1700 763 1736 ducto
788 1712 967 1736 mucrone
978 1700 1146 1751 petebat.

267 1769 441 1814 Ducere,
464 1769 647 1806 excitare.
674 1756 729 1807 M.
748 1769 905 1806 Tullius
926 1770 967 1806 in
987 1770 1150 1807 Verrem

269 1840 422 1876 actione
447 1839 639 1876 secunda:
671 1839 773 1893 quod
795 1841 832 1876 si
853 1852 964 1893 quem
996 1845 1150 1876 statuae

268 1922 406 1960 magno
449 1921 561 1960 opere
597 1909 811 1952 delectant,
840 1910 875 1945 si
903 1910 989 1962 quis
1017 1922 1150 1946 earum

269 1978 412 2015 honore
435 1984 502 2015 aut
527 1978 653 2030 qloria
674 1979 844 2016 ducitur.
875 1978 1030 2016 Ducere
1053 1993 1145 2015 con-

270 2091 331 2112 ovo
346 2092 478 2112 coenam
503 2093 531 2112 c.
557 2080 650 2112 Scal.
677 2082 720 2112 ad
738 2080 930 2112 Van-onem
952 2081 995 2112 R.
1009 2081 1054 2112 R.
1070 2080 1147 2123 p.8.

270 2137 415 2179 Popma.
436 2137 484 2168 M.

271 2203 352 2223 com.
378 2192 410 2223 J.
453 2198 603 2222 maturat
629 2203 690 2223 ova
724 2204 763 2223 ac
797 2193 851 2224 vel
882 2199 1014 2224 maturo
1039 2205 1099 2224 ovo
1123 2204 1149 2225 c.

272 2247 371 2290 Lips.
396 2251 465 2278 ant.
490 2247 571 2278 lect.
599 2246 711 2289 p.66.
737 2248 864 2279 domini
890 2249 980 2279 Edd.
1014 2250 1147 2291 conpla-

275 2312 308 2337 ίο
332 2304 434 2335 citum
460 2303 492 2334 1).
506 2302 549 2334 G.
567 2304 610 2335 B.
635 2305 861 2344 complecitum
887 2305 951 2335 ΜΞ.
980 2304 1068 2336 Vict.
1083 2306 1147 2336 W.

273 2359 320 2391 cf.
342 2371 374 2401 p.
390 2358 484 2396 429,
507 2358 572 2391 21.
607 2359 641 2390 in
677 2371 747 2390 eam
784 2372 890 2390 rerum
932 2362 1149 2400 comparatio-

529 2136 684 2167 domiuus
716 2143 851 2167 matura
882 2149 944 2167 ova
968 2137 1012 2168 ad
1037 2149 1150 2168 cenam

272 2427 345 2446 nem
368 2414 413 2446 A.
450 2416 485 2446 in
519 2427 556 2445 ea
589 2427 698 2446 rernm
735 2418 981 2460 comparatione
1012 2418 1054 2448 B.
1101 2429 1149 2448 re-

274 2483 347 2502 rum
394 2482 459 2501 om.
503 2470 612 2502 Orell.
1054 2474 1146 2504 Edd.

272 2538 333 2570 per
372 2532 452 2570 quot
488 2526 594 2558 discr.
630 2527 692 2558 cfr.
717 2540 748 2570 p.
779 2527 871 2563 410,
900 2528 966 2560 51.
1004 2528 1148 2560 Parthis

274 2594 310 2617 20
318 2583 436 2614 turbae
448 2594 490 2613 m.
503 2582 536 2614 J.
560 2584 669 2625 portis
683 2584 828 2614 turbam.
839 2584 898 2615 .ad
913 2585 1057 2616 medium
1074 2597 1148 2616 eva-

274 2639 322 2669 sit
355 2637 495 2681 cherc.
536 2638 615 2669 dein
653 2640 967 2682 superadslantium
1006 2641 1146 2683 cjlllerc.

276 2693 369 2726 Gerl.
400 2694 434 2726 1.
460 2694 581 2726 Cassia
605 2694 698 2735 ng.
722 2706 830 2726 onmes
854 2702 890 2727 at
913 2696 1015 2727 discr.
1041 2697 1087 2728 G.
1103 2697 1149 2728 cf.

275 2748 415 2793 p.405‚
438 2748 499 2781 12.
523 2747 584 2781 16.
599 2749 707 2780 Turn.
722 2748 785 2787 29,
801 2750 866 2783 27.
892 2763 1001 2783 omnes
1024 2758 1149 2783 natura

275 2810 311 2836 ut
338 2806 430 2848 mg-I.
463 2811 500 2837 ul
526 2816 594 2836 om.
619 2806 668 2836 A.
692 2805 727 2836 J.
753 2805 855 2838 Dusa.
881 2807 992 2839 Turn.
1026 2808 1148 2845 pistris

273 2868 310 2893 3ο
334 2862 378 2893 Α.
401 2861 435 2893 J.
461 2863 507 2894 cf.
533 2874 566 2904 p.
584 2861 676 2896 411,
694 2861 733 2894 5.
758 2862 919 2894 advocari
942 2863 988 2895 A.
1008 2864 1044 2896 J.
1071 2856 1153 2895 avo-³

663 2472 698 2502 in
745 2472 857 2502 eadem
892 2485 1002 2503 rerum

902 138 1109 176 NOMUS
1137 138 1468 177 MARCELLUS

1205 246 1411 283 suetudine
1447 260 1562 297 quam
1596 245 1892 296 significantiam
1927 244 2082 290 habeat,

1207 314 1351 357 claret,
1376 315 1476 351 sicut
1492 315 1598 365 Virg.
1614 316 1711 352 Aen.
1726 314 1792 351 lib.
1809 328 1884 351 xn:
1913 314 2018 350 duci·
2038 321 2080 350 10

1206 388 1270 418 tur
1285 382 1424 430 infelix
1442 396 1533 419 aevo
1547 383 1884 430 conf'ectusAcetes
1898 399 1906 419 :
1934 388 1973 419 et
1987 383 2083 420 mul-

1209 456 1246 488 ta
1271 452 1374 488 talia.
1403 452 1575 497 Ducere,
1603 454 1770 498 illicere,
1800 454 1999 490 inducere.
2026 452 2084 490 Μ.

1208 521 1368 558 Tullius
1394 522 1443 559 de
1464 522 1615 559 Officiis
1635 523 1701 559 lib.
1722 537 1769 560 n:
1793 529 1984 575 postremo
1996 536 2084 575 pre-

1840 592 1894 629 Et
1926 592 1974 628 de
2013 583 2084 628 Sc-

1209 665 1388 697 ncctute:
1418 662 1473 697 sic
1506 661 1768 698 adulescentes
1806 674 1938 698 senum
1969 674 2086 713 prae-

1207 591 1259 626 tio
1286 596 1355 626 aut
1379 591 1551 627 mercede
1575 592 1785 628 ducuntur.

1209 730 1325 781 ceptis
1335 730 1670 784 ⁸qaudent‚qu.ibu.‹›·
1685 731 1741 767 ad
1755 720 1940 768 virtutum
1954 730 2086 767 studia

1207 799 1418 836 ducuntur.
1476 800 1633 837 Ducere
1649 828 1659 844 ‚
1701 804 1874 844 struere,
1921 800 2085 850 erigere.

1209 867 1319 918 Virg.
1336 868 1435 905 Aen.
1452 868 1519 906 lib.
1533 883 1564 905 1:
1580 881 1676 920 pars
1691 869 1830 905 ducere
1845 881 1987 913 muros,
1998 867 2085 904 Mo-

1208 937 1349 991 lirique
1370 951 1510 974 arcem.
1541 938 1711 982 Ducere,
1731 937 1967 981 existimare,
1986 937 2085 974 iudi-

1211 1020 1311 1043 care.
1376 1006 1500 1045 Varro
1545 1006 1754 1057 Sexagesi:
1798 1006 1936 1042 avidus
1971 1005 2087 1042 iudex

1211 1088 1317 1112 reum
1332 1076 1496 1113 ducebat
1509 1089 1589 1113 esse
1606 1089 1748 1113 coenon
1761 1075 1948 1113 Hermen.
1977 1074 2087 1125 Virg.

1210 1144 1280 1182 lib.
1297 1159 1340 1182 x:
1367 1145 1516 1182 tanton’
1537 1159 1594 1183 me
1611 1146 1766 1183 crimine
1787 1145 1943 1198 dignum
1962 1144 2087 1181 Duxi-

1210 1214 1290 1251 sti?
1319 1215 1376 1252 M.
1401 1215 1559 1253 Tullius
1586 1217 1627 1253 in
1649 1215 1828 1268 Verrem,
1850 1215 1890 1252 in
1910 1214 2008 1252 divi·
2040 1221 2085 1251 20

1213 1285 1386 1321 natione:
1416 1286 1623 1322 clarissimi
1643 1285 1721 1339 viri
1742 1290 1898 1321 nostrae
1923 1283 2089 1322 civitatis

1210 1353 1438 1406 temporibus
1458 1356 1605 1406 optimis
1632 1354 1701 1391 hoc
1721 1353 1796 1390 sibi
1817 1353 2089 1405 amplissimum

1208 1423 1581 1477 pulchetminiumque
1633 1422 1836 1460 ducebant.
1910 1421 2089 1460 Lucilius

1212 1493 1280 1529 lib.
1301 1507 1400 1529 xxx:
1431 1506 1506 1529 non
1530 1492 1663 1535 datur,
1688 1492 1859 1528 admittit
1879 1504 2000 1535 nemo,
2019 1504 2089 1528 nec

1211 1563 1338 1599 vivere
1353 1563 1514 1598 ducunt.
1547 1561 1654 1613 Orpo
1669 1561 1857 1613 spondent
1878 1562 2088 1612 sqatimum.

1213 1631 1268 1670 M.
1288 1631 1446 1668 Tullius
1471 1631 1518 1668 de
1542 1630 1692 1668 Officiis
1726 1630 1794 1667 lib.
1815 1644 1880 1667 111:
1919 1642 1945 1666 a
1976 1636 2090 1684 quat-

1213 1706 1301 1737 tuor
1330 1699 1500 1752 fontibus
1525 1700 1736 1736 honestatis
1763 1701 1887 1751 primo
1920 1698 1983 1736 lib.
2012 1697 2089 1749 offi-

1214 1771 1273 1807 cia
1299 1769 1489 1806 duximus.
1530 1770 1707 1813 Ducere,
1735 1769 1913 1813 volvere,
1940 1773 2090 1820 pertra-

1213 1844 1333 1877 ctare.
1381 1840 1490 1890 Virg.
1516 1839 1583 1876 lib.
1608 1852 1669 1876 v1:
1698 1840 1751 1875 sic
1776 1838 1951 1893 equidem
1975 1838 2088 1875 duce-

1215 1909 1300 1946 bam
1323 1909 1449 1946 animo
1474 1895 1665 1963 reliarque
1684 1908 1874 1959 futurum.
1911 1907 2089 1945 Lucilius

1210 1978 1280 2015 lib.
1299 1992 1464 2016 xxvnn:
1494 1992 1566 2028 aye
1588 1991 1692 2014 nzmc
1714 1990 1899 2014 summam
1915 1984 2089 2030 sumptus

1214 2082 1285 2112 cari
1310 2081 1399 2122 ng.
1427 2082 1472 2111 cf.
1498 2092 1531 2122 p.
1562 2079 1649 2115 115,
1671 2079 1732 2112 19.
1766 2079 1856 2117 191,
1879 2075 2088 2122 (11118285.)

1215 2136 1253 2169 5.
1278 2137 1416 2167 ducitur
1441 2137 1529 2167 Edd.
1544 2136 1683 2166 Acestes
1697 2135 1731 2165 1).
1751 2147 1833 2178 pars
1845 2137 1934 2178 cf.p.
1949 2134 2039 2173 240,
2057 2147 2095 2171 ιο

1218 2191 1278 2225 16.
1308 2191 1407 2228 546,
1438 2191 1497 2223 16.
1537 2191 1660 2222 avidus
1695 2191 1740 2222 cf.
1777 2191 1880 2222 Turn.
1916 2190 1989 2226 29,
2023 2191 2087 2223 27.

1214 2254 1307 2280 tanto
1331 2261 1380 2279 me
1405 2248 1444 2279 B.
1471 2252 1549 2290 post
1571 2247 1697 2278 ducunt
1723 2247 1899 2290 supplevit
1923 2246 2029 2278 Mei-c.
2053 2258 2089 2281 20

1215 2304 1257 2347 ej.
1283 2316 1300 2335 e
1324 2315 1402 2346 pag.
1430 2302 1521 2340 523,
1552 2302 1612 2335 12:
1650 2303 1737 2334 idem
1776 2303 1836 2333 lib.
1861 2303 1995 2333 ΧΧΙἿ.
2030 2303 2090 2347 qni

1214 2372 1274 2391 sex
1298 2372 1423 2391 menses
1439 2360 1545 2389 vitam
1562 2359 1699 2390 ducunt.
1726 2359 1821 2398 Lips.
1836 2370 1888 2400 ep.
1901 2370 1954 2401 qu.
1969 2358 2005 2396 5,
2024 2357 2087 2390 14.

1214 2416 1256 2447 0.
1281 2427 1331 2457 51¹-
1357 2421 1441 2458 sept.
1467 2412 1602 2454 ὅβελίζει
1626 2415 1687 2446 sed
1711 2414 1792 2445 alibi
1817 2415 1941 2456 legisse
1975 2418 2087 2457 putat.

1211 2483 1271 2502 sex
1295 2471 1369 2502 dies
1390 2476 1443 2502 snt
1468 2477 1549 2502 sunt
1570 2471 1662 2501 vitae
1684 2469 1858 2501 Caecilius
1875 2481 1930 2513 ap.
1945 2470 2021 2503 Cic.
2046 2471 2088 2502 de

1212 2527 1288 2558 Fin.
1312 2528 1362 2558 11.
1391 2526 1424 2558 7.
1464 2527 1552 2558 Orco
1576 2526 1667 2557 Edd.
1707 2527 1779 2557 aeri
1801 2528 1904 2558 simul
1928 2533 2029 2571 atquc
2053 2537 2088 2561 30

1212 2583 1319 2616 alieni
1342 2583 1390 2614 A.
1415 2584 1450 2615 J.
1486 2583 1589 2613 ducat
1612 2582 1668 2612 sui
1692 2583 1782 2612 aeris
1807 2584 1909 2614 simul
1933 2589 2033 2626 atque
2056 2595 2088 2613 a.

1222 2639 1292 2682 ch.
1306 2639 1444 2672 Gruter.
1456 2640 1490 2671 iu
1508 2639 1787 2681 suspicionibus
1813 2639 1915 2670 simul
1930 2645 2029 2682 atque
2041 2639 2088 2670 al.

1215 2696 1323 2728 Busa.
1349 2697 1441 2727 aeris
1463 2708 1490 2726 s.
1515 2694 1604 2725 adde
1628 2706 1659 2725 ιι.
1685 2694 1779 2736 ng.
1805 2693 1893 2726 nihil
1919 2694 1964 2724 cf.
1980 2706 2012 2737 p.
2025 2692 2090 2730 69,

1213 2750 1278 2783 29.
1301 2752 1425 2794 policis
1440 2752 1464 2782 i.
1485 2762 1511 2782 e.
1538 2751 1687 2785 πωλικοῖς
1711 2749 1778 2792 ch.
1800 2750 1939 2792 pollicis
1957 2755 2089 2780 nostrae

1211 2808 1258 2839 A.
1284 2808 1345 2839 Nil
1369 2820 1397 2839 s.
1424 2808 1474 2838 M.
1495 2807 1635 2850 pollicis
1660 2818 1687 2839 υ.
1715 2818 1800 2849 quas
1828 2817 1881 2837 ac.
1905 2805 1941 2836 d.
1968 2805 2086 2836 Herm.

1211 2863 1308 2895 elem.
1347 2874 1378 2905 p.
1404 2861 1496 2894 588.
1545 2862 1593 2892 M.
1627 2862 1758 2903 politae
1794 2862 1928 2893 Perott.
1976 2872 2088 2891 ”nesae
