2174 3267
209 104 301 144 518

209 206 306 263 περὶ
339 208 452 249 θεῶν
489 203 771 262 cuccyrw'oewg:
818 227 903 251 cum
931 227 999 251 sex
1027 229 1099 268 pu-

207 282 268 318 eri
298 287 335 317 et
366 280 521 333 puellae
544 283 699 334 pariter
725 284 813 320 item
843 296 910 322 sex
944 289 1016 322 aut
1043 297 1101 322 se-

202 356 306 401 ptem
333 350 395 386 siu
420 363 533 394 vera,
566 364 666 406 qucce
685 366 767 389 cum
792 366 880 390 coro
905 354 1002 404 pari
1031 367 1099 392 va-

200 424 360 469 qaruut.
420 419 533 458 Idem
576 421 773 460 Hercules
814 411 918 461 tuam
962 423 1099 461 fidem:

201 501 274 541 per
306 490 524 527 maritimas
551 490 670 528 horas
701 499 832 545 vagat.
872 494 1098 546 Suffragan-

205 563 279 596 tur.
319 557 563 610 Pomponius
584 560 737 613 Mappo
764 564 1002 614 praeterito:
1028 577 1096 616 po-

198 627 303 679 pulis
330 629 510 666 voluntas
531 630 628 668 liaec
657 637 737 676 est,
774 638 812 669 et
839 633 951 685 vulqo
979 634 1097 672 datas

202 695 479 749 Refraqabuut
516 714 613 753 pro,
653 700 940 754 subfraqalmut
982 710 1096 756 post,

206 776 250 806 10
277 769 365 806 scio.
413 770 585 808 Sisenna
608 771 715 809 Hist.
743 772 810 810 lib.
835 787 955 810 xxmss
986 775 1101 813 multi

196 839 350 890 populi,
391 840 586 891 plurimae
625 842 813 879 contionis
855 843 1095 881 dictaturam

199 908 371 946 omnibus
391 911 530 948 animis
549 917 586 947 et
605 912 747 949 Studiis
764 911 1094 965 suffiuyavemnt.

252 977 407 1016 Meam
429 994 503 1032 pro
530 986 715 1019 meretur.
754 982 923 1021 Plautus
944 983 984 1020 in
1005 983 1093 1021 Me-

199 1048 392 1086 nechmis:
435 1050 527 1088 item
553 1051 614 1089 hic
643 1052 746 1089 ultro
774 1052 843 1102 fit,
877 1059 921 1091 ut
943 1049 1092 1099 Meret,

193 1121 415 1171 potissimus
437 1128 597 1159 nostrae
623 1122 728 1160 domi
744 1129 786 1160 ut
811 1125 873 1161 sit.
917 1123 1031 1161 Idem
1051 1125 1091 1161 in

198 1189 356 1227 eadem:
395 1191 509 1229 adibo
537 1197 657 1246 atque
683 1194 872 1231 hominem
900 1195 1091 1248 accipiam

197 1259 334 1305 dicti-c,
372 1261 511 1315 quibus
546 1270 676 1300 meret.
732 1263 945 1316 Turpilius
979 1265 1011 1302 F
1016 1265 1089 1303 ilo-

196 1335 333 1381 patro:
370 1333 520 1369 utinam
542 1334 692 1384 possint
721 1333 793 1371 tibi
818 1334 971 1386 referre
995 1349 1090 1387 qra-

773 1404 886 1443 Idem
918 1406 1086 1444 Hetera:

193 1476 315 1508 meret
342 1472 497 1516 merito,
531 1479 572 1510 ut
598 1473 776 1525 diliqare.

194 1401 292 1445 tias,
332 1407 376 1438 ut
413 1402 460 1438 de
497 1416 556 1439 me
587 1417 721 1440 meres.

196 1547 243 1578 20
328 1541 553 1580 AUSP1CAv1
596 1557 671 1594 pro
719 1545 946 1596 auspicatus
993 1559 1087 1584 sum.

193 1608 360 1648 Plautus
397 1612 437 1649 in
474 1612 615 1651 Persa:
660 1614 768 1652 lucro
805 1614 989 1666 faciendo
1020 1630 1087 1670 ‘³9⁰

190 1681 404 1732 auspicavi.
446 1682 557 1721 Idem
579 1683 753 1722 Isticho:
790 1699 836 1723 ea
863 1699 931 1737 eqo
954 1687 1087 1740 auspi—

190 1753 280 1788 cavi
302 1753 343 1789 iu
369 1766 413 1790 re
435 1754 599 1806 capitali
622 1769 718 1793 mea.
761 1757 864 1794 Acta
882 1757 1086 1796 Lucubra-

189 1821 322 1869 tione:
362 1837 447 1861 cum
476 1826 602 1877 primo
634 1826 717 1863 luci
745 1826 860 1864 hodie
901 1833 945 1865 ut
979 1841 1086 1866 exor-

188 1960 275 1985 certe
298 1966 367 1987 om.
382 1957 431 1992 M,
453 1957 673 1999 probBothe.
701 1957 909 2002 α’παντὴσεως
921 1961 970 1994 Α.
1002 1959 1083 1993 εἷνα-

187 2013 360 2055 γνωρίσεως
377 2013 532 2046 Turneb.
548 2015 756 2055 ματαιώσεως
769 2017 804 2049 J.
822 2015 1025 2060 ἀναγνώσεως
1035 2020 1083 2051 Μ.

188 2073 313 2111 septem
336 2081 472 2102 numero
491 2083 578 2115 quae
603 2072 780 2115 chentin.
795 2074 830 2107 J.
847 2074 942 2106 Izaud
960 2081 1085 2118 septem

188 2124 326 2156 sinuero
355 2125 535 2169 chopma.
570 2134 696 2172 septem
725 2131 759 2161 in
785 2136 928 2175 utroque
955 2143 1028 2163 cum
1051 2129 1083 2173 cj

187 2179 238 2212 M.
266 2180 364 2213 choro
394 2183 471 2214 edd.
496 2183 626 2216 hercles
648 2186 709 2218 W.
740 2185 877 2219 hercule
897 2187 969 2220 AJ.
1005 2199 1083 2220 oras

187 2235 275 2268 AM.
298 2249 377 2269 oras
399 2250 484 2282 quae
505 2246 611 2286 vagat
624 2241 658 2274 J.
684 2243 1081 2290 vagat.Suffra9antur:

189 2293 361 2326 excidisse
391 2301 535 2339 apparet
562 2300 745 2335 nonnulla,
791 2312 830 2332 ac
857 2312 1004 2346 sequens
1030 2306 1081 2334 to-

829 2358 873 2390 In
897 2359 977 2390 edd.
1002 2363 1082 2402 post

189 2407 290 2452 vulgo
334 2409 437 2441 datas
473 2411 597 2444 lemma
628 2413 765 2457 incipit.
809 2415 932 2459 Pappo
959 2415 1079 2449 1520.

186 2464 262 2498 JM.
295 2465 411 2498 Macco
440 2466 581 2510 choth.
606 2471 729 2513 populi
758 2475 837 2502 ante
858 2472 916 2509 M,
945 2472 1080 2508 Bothe.

185 2519 305 2552 Manli.
333 2523 495 2567 voluptas
515 2524 582 2567 ch.
597 2525 724 2559 Bothe.
750 2528 854 2572 vul‘qo
873 2540 980 2574 vaqas
1001 2531 1080 2562 edd-

186 2583 326 2621 praeter
347 2579 430 2612 AM.
471 2586 510 2612 ut
536 2592 569 2614 v.
596 2594 698 2627 ira-{les
721 2584 873 2627 chothe
901 2590 936 2617 et
959 2586 1079 2618 Munk.

186 2636 390 2680 Suffraqaut
419 2648 483 2680 pro
509 2638 750 2681 suffra-qurum
780 2640 849 2683 ch.
892 2642 990 2685 Refr.
1014 2654 1078 2686 pro

187 2691 457 2737 resraqabuntur
470 2694 548 2738 ch.
559 2695 604 2727 Ι).
619 2696 812 2741 Refraqunt
826 2699 950 2742 primo,
964 2699 1076 2743 Subfr.

189 2761 222 2787 10
243 2749 382 2793 cjfloth.
408 2752 466 2783 lib.
480 2753 590 2784 xxiiii
608 2754 722 2794 princ.
741 2755 799 2785 lib.
812 2756 896 2788 xiiii
913 2755 1029 2789 1526.
1043 2757 1080 2790 J-

185 2807 247 2840 lib.
277 2808 332 2840 xii
353 2807 474 2842 1480.
495 2809 556 2841 lib.
575 2810 633 2841 iiii
656 2810 725 2853 ch
741 2811 773 2844 1.
804 2814 976 2846 conciones
995 2818 1076 2847 ante

186 2861 235 2897 Μ.
259 2865 389 2897 studiis
410 2867 635 2912 rest-aqabttvtt
663 2866 783 2902 1480.
802 2870 872 2904 AJ.
899 2872 979 2904 item
995 2870 1076 2904 huic

188 2353 259 2380 tum
289 2350 415 2384 lemma
445 2365 600 2386 mancum
624 2357 775 2389 videtur.

818 105 936 147 NON
940 107 1029 148 1Us
1057 106 1397 151 MARCELLUS

1162 222 1263 253 nata
1287 216 1358 259 sit,
1387 214 1520 270 Atque
1544 222 1589 254 ut
1612 217 1846 270 auspicetis3
1881 229 1970 254 cras
2001 229 2057 261 cst

1164 285 1361 322 coumuuis
1380 286 1475 323 dies.
1522 286 1721 325 Caecilius
1751 287 1915 326 Plocio:
1951 289 2056 324 insa-

1163 369 1255 393 num
1303 355 1519 404 auspicium
1563 357 1679 394 aliter
1726 359 1932 395 istrionum
1978 363 2056 399 est,

1163 423 1300 478 Atque
1347 431 1389 461 ut
1441 427 1723 475 magistratus,
1773 427 1924 480 publice
1972 441 2057 465 cum

1164 496 1383 548 auspicaut.
1446 494 1620 533 Naevius
1655 496 1754 535 belli
1790 497 1956 536 Poenici
1985 497 2053 535 lib.

1163 577 1243 601 1111:
1286 565 1413 602 virum
1450 571 1612 617 praetor
1654 566 1875 612 Adveniet,
1923 569 2054 618 auspi-

1162 639 1226 672 cat
1274 636 1488 689 auspicium
1537 649 1778 689 prosperum.
1855 638 2054 677 Caecilius

1162 703 1327 742 Plocio:
1378 711 1420 743 ut
1458 707 1736 757 mayistratus,
1772 706 1921 760 publice
1970 722 2053 746 cum

1160 776 1378 827 auspicant.

1213 844 1456 882 Dnnccmvx
1473 859 1546 896 pro
1564 845 1790 883 deluctatus
1807 859 1903 883 sum.
1933 846 2052 884 Plau-

1161 920 1224 952 tus
1259 915 1299 952 in
1337 914 1590 953 Trinummo:
1631 928 1715 952 cam
1745 915 1850 953 hisce
1878 929 1965 953 eru-
2006 924 2051 955 30

1159 986 1258 1022 nmis
1273 985 1495 1023 deluctavit.
1533 985 1642 1023 [dem
1665 985 1706 1022 in
1715 985 1943 1023 Vidularia:
1958 987 2056 1040 quid

1158 1055 1281 1093 multa
1303 1055 1448 1092 verba?
1470 1055 1679 1108 plurimum
1701 1056 1942 1093 luctavimus.
1973 1056 2053 1094 Te-

1158 1126 1309 1164 rentius
1345 1126 1528 1179 Hecyra:
1577 1126 1750 1180 dicitque
1787 1127 1863 1164 illis
1893 1126 2051 1164 amdam

1156 1209 1260 1241 Sese,
1292 1197 1384 1234 dum
1411 1197 1559 1238 luctat,
1587 1197 1818 1234 detraxisse.

1210 1267 1386 1305 ScacTo.
1421 1267 1591 1305 Plautus
1625 1267 1666 1304 in
1705 1267 1831 1305 Aulu-
1854 1263 1906 1318 (p.
1928 1263 2051 1305 469.)

1156 1338 1271 1377 laria:
1313 1344 1506 1391 postremo
1539 1338 1644 1375 hunc
1675 1338 1754 1375 iam
1791 1337 2050 1391 perscrutavi.

1208 1409 1395 1446 Anat-110.
1427 1408 1574 1445 Accius
1599 1407 1829 1445 Oenomaoe
1860 1414 1980 1460 atque
2005 1420 2051 1443 ea

1156 1479 1379 1515 coniectura
1412 1490 1575 1528 auqurO.
1635 1477 1748 1514 Idem
1774 1477 2048 1529 Amfitryone:

1155 1548 1192 1584 si
1218 1549 1316 1584 satis
1342 1553 1446 1585 recte
1465 1553 1534 1585 aut
1554 1560 1649 1585 vera
1680 1549 1833 1584 ratione
1862 1560 2049 1599 augurer.

1156 1618 1308 1656 Ennius
1343 1617 1599 1669 Melanippo:
1639 1622 1744 1655 certo
1775 1617 1838 1655 hic
1874 1623 1933 1654 est
1964 1618 2049 1653 nul-

1152 1688 1253 1733 lum,
1306 1689 1402 1742 quin
1443 1693 1658 1725 monstrum
1706 1688 1798 1725 siet:
1857 1687 1945 1726 Hoc
1983 1700 2049 1740 eqo

1153 1758 1225 1797 tibi
1259 1759 1344 1796 dico
1381 1765 1417 1796 et
1449 1758 1674 1796 coniectura
1706 1751 1883 1811 autqurm
1919 1757 2048 1795 Pacu-

1151 1830 1246 1868 vius-
1261 1829 1455 1882 Chrysae:
1483 1829 1761 1883 propemodum
1785 1828 1940 1866 animus
1959 1840 2046 1866 con-

1148 1961 1194 1993 Μ.
1213 1962 1342 2005 possim
1366 1962 1428 1992 tibi
1453 1961 1535 1994 edd.
1559 1964 1702 2004 praeter
1716 1961 1761 1992 A.
1781 1965 1819 1991 ut
1840 1958 2046 1991 demerueris

1147 2021 1229 2050 ante
1254 2017 1301 2049 A.
1327 2017 1496 2048 Iletaera:
1520 2029 1626 2049 meres
1642 2017 1717 2050 JM.
1748 2020 1784 2048 inv
1810 2015 1928 2048 Sticho
1953 2015 1983 2059 cj
2011 2025 2046 2052 20

1148 2074 1257 2107 Roth.
1293 2086 1365 2105 eam
1385 2086 1445 2119 eqo
1462 2074 1533 2106 AJ.
1567 2074 1658 2105 Atta
1674 2073 1788 2106 AJM.
1818 2072 2043 2104 Lucubratio-

1148 2143 1227 2162 num
1248 2131 1381 2175 primo.-
1418 2132 1490 2163 luci
1513 2131 1583 2174 ejJ.
1613 2131 1801 2174 hospitium
1823 2129 1864 2167 L,
1885 2128 1959 2161 AJ.
1987 2139 2042 2158 au.

1146 2187 1242 2219 haud
1270 2188 1375 2219 aliter
1404 2187 1607 2231 chpengel.
1638 2187 1859 2219 histrioniam
1884 2184 2043 2228 chothe.

1147 2244 1314 2288 Spengel.
1356 2245 1471 2289 Neque
1504 2250 1543 2275 ut
1575 2241 1707 2276 Bothe.
1747 2242 1884 2286 publice
1913 2252 2042 2285 quoque

1147 2300 1317 2344 Spengel.
1350 2313 1423 2333 cum
1449 2301 1585 2344 publice
1601 2300 1637 2333 J.
1670 2300 1729 2333 lib.
1751 2299 1804 2330 iii.
1824 2297 1895 2330 AJ.
1924 2308 2040 2328 verum

1147 2358 1238 2400 Ing-I,
1258 2359 1381 2390 Herm.
1405 2357 1535 2389 Diintz.
1565 2357 1624 2388 nbi
1645 2367 1720 2388 cum
1742 2354 1890 2390 Merula.
1908 2353 2038 2386 Bothe-

1146 2415 1285 2446 advenit
1317 2415 1470 2452 Merula,
1508 2413 1643 2451 Bothe,
1678 2412 1798 2444 Herm.
1838 2410 1980 2442 advenit
2007 2416 2038 2442 el

1145 2471 1274 2504 Diintz.
1320 2471 1444 2503 adveni
1474 2476 1505 2502 ct
1539 2469 1682 2513 auspica
1713 2467 1809 2510 ng.
1836 2479 2036 2511 prosperum

1147 2539 1212 2560 om.
1235 2529 1304 2571 ch‚
1329 2528 1481 2564 Merula,
1507 2527 1624 2559 Herm.
1646 2525 1777 2557 Diintz.
1809 2525 1981 2558 Caecilius
2001 2549 2006 2554 .
2029 2549 2035 2554 .

1144 2585 1329 2630 auspic-,aut
1354 2596 1418 2616 om.
1448 2584 1527 2616 edd.
1554 2581 1695 2615 Caelius
1715 2582 1782 2614 XV.
1808 2581 1984 2613 delucmvi
2001 2590 2038 2616 3ο
2098 2580 2105 2587 ’

1143 2641 1191 2673 Μ.
1221 2642 1279 2672 illi
1304 2642 1470 2672 (muudum
1495 2639 1573 2670 edd.
1607 2639 1760 2670 Plautus
1785 2651 1820 2682 p.
1850 2635 1899 2682 (p.
1923 2636 2037 2675 469.)

1144 2696 1236 2730 517.
1260 2697 1324 2730 29.
1350 2703 1417 2729 rat.
1446 2708 1609 2739 numerem
1634 2696 1743 2739 princ.
1769 2696 1818 2728 M.
1839 2701 1906 2728 rat.
1927 2706 2036 2739 auqu-

1142 2761 1217 2786 rent
1246 2753 1362 2786 1480.
1386 2753 1456 2786 AJ.
1482 2752 1586 2785 Voss.
1614 2753 1814 2797 Menalippo
1837 2753 1903 2786 W.
1934 2751 2035 2784 nulla

1142 2812 1226 2856 quin
1244 2812 1283 2846 L.
1310 2815 1389 2843 ante
1406 2810 1455 2842 M.
1479 2811 1591 2847 nulla,
1616 2822 1701 2855 quae
1718 2809 1797 2853 ch.
1813 2809 1857 2841 D.
1881 2815 1934 2842 est
1957 2809 2032 2841 nul-

1141 2870 1212 2902 lum
1235 2868 1396 2905 dubium,
1425 2868 1507 2912 quin
1530 2867 1900 2913 chergk1Velcl÷en
1921 2877 2032 2898 errore
