2174 3267
1895 193 1951 219 vn

123 305 284 365 saepius
344 320 366 348 c
417 311 461 347 et
513 309 528 346 t
586 301 743 345 litterae
802 301 844 343 in
905 302 1024 344 exitu
1086 296 1409 342 vocabulorum
1473 295 1833 349 confundantur,
1883 295 1953 340 vel

123 387 274 447 pueris
312 392 484 430 notum.
560 383 903 446 Rcburqicensis
939 381 1133 443 denique
1180 381 1468 424 novissimam
1502 379 1693 423 formam
1729 393 1827 421 esse
1869 383 1957 420 sta-

122 475 220 523 tuo.
255 483 389 529 quam
433 484 522 511 non
558 464 663 510 inde
699 462 988 507 derivandam
1020 462 1153 518 duco,
1189 459 1312 522 quod
1336 458 1552 504 nonnulla
1576 458 1752 503 urbium
1776 457 1954 502 nomina

122 548 258 594 modo
295 565 332 605 e,
365 547 501 593 modo
538 566 565 612 q
599 545 871 597 scribantur„
898 552 947 588 ut
987 544 1153 601 Vacca,
1192 544 1338 606 qua,
1359 541 1440 586 sed
1465 558 1516 587 ea
1551 540 1635 585 soli
1670 540 1953 584 librariorum

121 628 341 674 socordia²
378 628 535 674 deberi
569 627 760 672 videtur.

250 712 346 756 lam
381 712 417 754 si
454 710 686 772 quaeritur⁷
720 725 820 752 cum
846 705 1023 751 duobus
1049 705 1227 767 oppidis
1248 721 1413 749 nomen
1438 701 1695 748 Tubursica
1731 698 1843 758 (sive
1862 697 1953 758 um)

122 793 273 849 fuerit,
310 790 430 836 unde
464 791 663 836 Nonium
700 795 847 834 ortum
884 804 983 832 6556
1021 788 1288 842 existimem,
1323 783 1627 829 Tubursicam
1661 782 1958 828 Numidarum

122 876 217 920 eius
263 875 453 935 patriam
500 874 640 917 fuisse
688 870 911 915 affirmare
958 888 1050 915 non
1085 868 1257 913 dubito.
1324 867 1473 912 Alteri
1509 868 1626 912 enim
1657 865 1825 928 ubique
1862 866 1957 911 fere

122 958 231 1002 bure
264 955 464 1000 additum
488 972 587 1001 esse
608 954 797 999 videtur.
864 954 980 999 Nam
1024 961 1068 999 et
1096 952 1216 1015 apud
1245 952 1554 1013 Augustinum
1591 956 1748 995 contra
1767 948 1960 994 Cresco-

123 1040 261 1093 nium⁷
290 1036 395 1081 Lib.
430 1038 515 1081 Ill.
553 1054 589 1081 c.
625 1036 708 1081 45.
745 1033 865 1094 (47.)
909 1037 1150 1097 episcopus
1184 1052 1209 1079 a
1251 1034 1643 1079 Tlmbursicubm·e
1688 1048 1959 1077 commemo-

124 1127 263 1175 ratur,
299 1126 344 1163 et
378 1120 538 1163 iterum
578 1126 733 1163 contra
771 1119 943 1163 litteras
979 1117 1189 1162 Petiliani
1225 1116 1329 1161 Lib.
1365 1116 1450 1160 ΙΠ.
1489 1133 1524 1160 e.
1549 1112 1633 1159 40.
1668 1110 1801 1172 (45);
1838 1111 1958 1174 apud

122 1199 379 1244 Fabricium
422 1206 571 1244 autem
620 1198 740 1243 Bihl.
787 1198 948 1244 Graeca
996 1199 1053 1242 T.
1101 1198 1212 1242 ΧΠ.
1260 1216 1302 1259 p.
1352 1195 1469 1241 159.
1518 1197 1596 1257 qui
1641 1196 1958 1256 episcoporum

121 1280 254 1326 sedes
290 1282 333 1324 in
371 1278 532 1325 Africa
570 1288 828 1338 enumerat,
871 1280 1353 1338 Tuhm-sicuburensis,
1407 1277 1746 1323 Debeo-sicensis
1780 1277 1827 1320 in
1859 1274 1959 1319 ,Nu—

122 1363 278 1419 midia,
322 1362 651 1419 Titbztsz‘eensz‘39
702 1364 1039 1409 Dabat-sicensis
1072 1365 1119 1408 in
1152 1362 1375 1408 [Vunn'dia
1412 1362 1713 1407 nominantur.
1781 1356 1961 1415 Quibus

124 1462 180 1489 ex
214 1443 326 1489 locis
363 1446 647 1491 manifestum
686 1464 785 1491 esse
821 1446 1030 1502 videtur,
1066 1445 1190 1491 nullo
1235 1447 1506 1508 cognomine
1553 1441 1728 1487 adiecto
1762 1438 1964 1486 Numidi-

122 1543 240 1582 cum⁷
275 1525 350 1570 ubi
386 1528 495 1573 bure
529 1527 803 1590 adscriptum
841 1536 939 1585 est⁷
975 1528 1143 1572 Africae
1180 1525 1519 1589 proconsularis
1555 1521 1798 1585 oppidum,
1834 1521 1959 1564 cuius

123 1619 258 1670 caput
291 1608 528 1672 Carthago
563 1611 673 1668 fuit,
725 1610 984 1673 significari.
1054 1610 1116 1654 Et
1167 1609 1275 1654 illud
1323 1607 1504 1671 quidem
1545 1608 1662 1650 inter
1694 1604 1960 1665 Hipponem

123 1697 167 1734 et
202 1689 372 1736 Cirtam
409 1692 542 1735 situm
579 1691 718 1737 fuisse
754 1690 922 1736 iudicat
955 1691 1191 1743 Norisius;
1244 1692 1288 1734 in
1324 1690 1412 1735 hoc
1447 1690 1563 1734 enim
1607 1687 1765 1730 itinere
1801 1686 1961 1746 Aug'u-

122 1772 266 1815 stinus
303 1789 422 1817 anno
460 1772 789 1819 CCCXCVII.
827 1772 1134 1817 Tubursicum
1171 1773 1404 1833 pervenit,
1453 1769 1533 1814 cfr.
1568 1768 1626 1812 T.
1660 1767 1720 1811 II.
1755 1766 1844 1827 Ep.
1877 1763 1961 1810 44.

124 1870 165 1913 p.
205 1851 286 1897 76.
321 1852 408 1896 Ed.
442 1854 667 1914 Antverp.
706 1860 751 1897 et
794 1870 837 1914 p.
874 1850 934 1895 ssi
979 1851 1020 1895 l).
1067 1852 1151 1897 sub
1187 1853 1261 1896 fin.
1348 1851 1487 1909 Quod
1533 1855 1582 1892 ut
1631 1847 1751 1892 (lietu
1788 1848 1962 1908 specio-

123 1949 222 1976 sum
272 1950 370 1978 esse
420 1950 510 1978 non
561 1935 851 1995 negaverim,
902 1934 961 1976 ita
1006 1932 1093 1978 hoc
1141 1938 1411 1993 argumento
1462 1931 1570 1975 satis
1617 1928 1963 1990 comprobatum

123 2031 223 2059 esse
269 2032 403 2077 nego.
470 2015 621 2059 Recto
669 2015 785 2058 enim
836 2015 995 2058 itinere
1043 2030 1091 2058 se
1127 2012 1300 2059 Cirtam
1342 2010 1631 2057 contendisse
1676 2010 1964 2072 Augustinus

125 2112 214 2140 non
252 2094 477 2153 ostendit7
521 2102 566 2139 et
608 2096 779 2139 initium
814 2094 1044 2156 epistolae:
1103 2095 1166 2138 «F
1171 2094 1424 2149 ortunium,
1473 2108 1607 2154 quem
1654 2090 1962 2135 Tubursicum

124 2174 304 2220 habetis
341 2178 624 2238 episcopum,
660 2193 742 2237 per
779 2175 969 2220 eandem
1007 2177 1247 2229 civitatem,
1285 2189 1545 2236 quanquam
1581 2172 1966 2226 festinantissime,

124 2274 224 2302 cum
260 2257 317 2302 ad
355 2258 608 2304 Cirtensem
645 2257 882 2302 ecclesiam
918 2274 1231 2319 pergeremus„
1268 2256 1443 2317 experti
1477 2271 1629 2299 sumus
1664 2255 1724 2298 ita
1748 2254 1958 2298 omnino»

124 2347 208 2384 etc.
266 2339 522 2402 significare
569 2340 801 2395 videatur,
848 2340 1157 2401 Augustinum
1207 2337 1438 2400 paulisper
1484 2338 1553 2380 via
1599 2334 1865 2391 deflexisse⁷
1915 2343 1963 2378 ut

125 2421 249 2466 illum
285 2423 549 2484 episcopum
588 2426 767 2468 viseret.
834 2422 1113 2467 Ptolemaeus
1164 2420 1473 2466 Tubursicum
1523 2419 1567 2461 in
1602 2416 1811 2462 Numidia
1848 2433 1965 2461 nova

124 2502 256 2547 simul
291 2520 392 2548 eum
422 2503 534 2550 urbe
571 2503 772 2567 Thigiha
810 2512 852 2549 et
890 2502 1162 2549 Ammedera
1211 2505 1329 2547 inter
1365 2502 1648 2563 Ampsagam
1695 2498 1879 2542 fluvium
1923 2507 1965 2543 et

126 2584 343 2646 oppidum
380 2585 672 2631 Thabraeam
708 2589 910 2632 nominat
947 2603 1195 2648 eorumque
1230 2587 1363 2630 situm
1396 2583 1555 2627 litteris
1592 2579 1662 2626 if}
1689 2578 1742 2626 λά
1768 2579 1804 2638 γ’
1834 2597 1963 2625 aceu-

126 2669 267 2712 ratius
302 2668 528 2713 describit.
581 2669 804 2715 Cellarius
842 2670 959 2715 idem
995 2668 1210 2730 oppidum
1249 2685 1272 2712 a
1305 2665 1507 2729 Thigiha
1542 2662 1772 2709 meridiem
1808 2678 1965 2706 versus

128 2749 258 2793 situm
294 2750 432 2794 fuisse
468 2753 635 2796 statuit.
706 2753 862 2797 Possit
908 2751 1069 2813 aliquis
1112 2752 1156 2794 in
1206 2749 1361 2795 tabula
1397 2745 1706 2810 geographica
1750 2743 1968 2788 Reichar-

129 2829 260 2875 diana
310 2830 459 2877 locum
509 2834 547 2877 ei
596 2834 712 2878 inter
757 2833 990 2878 Theveste
1037 2839 1081 2877 et
1129 2831 1362 2878 Calamam
1410 2830 1656 2891 assignare.
1739 2825 1835 2871 Sed
1884 2824 1966 2868 nisi

130 2913 379 2957 accuratior
420 2915 607 2959 istorum
641 2915 850 2960 locorum
893 2915 1093 2975 cognitio
1130 2914 1248 2958 facta
1284 2913 1414 2957 fuerit
1435 2944 1449 2963 ,
1498 2910 1767 2954 coniecturis
1804 2923 1876 2950 res
1911 2904 1967 2949 ad
