2174 3267
460 154 505 191 V.
564 154 634 191 DE
662 151 1056 190 DIFFERENTHS
1088 150 1408 189 VERBoRUM.

52 269 97 297 30
126 261 304 305 mdabat,
330 266 372 297 ut
393 260 468 296 sibi
487 262 550 296 sui
568 259 678 296 liberi
696 261 919 311 superstites

50 336 188 373 essent,
211 330 471 383 superstitiosi
490 335 581 365 sunt
605 330 802 381 appellati,
819 329 921 383 quod

50 412 184 435 nomen
215 400 343 452 patuit
370 403 506 450 postea
536 399 669 434 latius:
699 399 770 451 qui
792 404 918 435 autem

48 469 198 512 omnia,
233 481 336 521 quae
366 467 422 504 ad
449 468 589 504 cultum
616 468 772 505 deorum
797 469 918 520 perti·

48 543 203 582 nerent,
241 537 447 588 diliqenter
483 542 744 574 retractarent
778 543 814 574 et
850 537 918 574 ali-

50 602 236 656 (p.452.)
276 619 391 660 quam
419 620 497 642 rem
523 607 725 657 eliqereut„
754 606 796 642 ln·
829 612 919 642 sunt

47 675 227 727 reliqiosi,
252 689 298 711 ex
319 676 506 727 eligJendO.
539 677 619 713 Sed
642 690 730 713 vere
758 690 918 727 super-

48 745 236 783 stitiosi
264 745 545 796 proprietatem
580 759 626 782 ex
656 745 728 783 hoc
760 745 919 785 habent„

46 814 152 865 quod
177 828 268 864 prae
285 815 434 852 cultura
458 815 617 851 deornm
636 814 922 866 supersedeant

47 888 192 927 cetera,
220 884 260 921 id
286 890 347 920 est
370 886 597 936 neglegant:
630 884 765 921 itidem
792 890 829 921 et
852 897 918 920 re-

50 953 237 1003 ligiosi,
268 954 377 1005 qnasi
414 955 631 1005 relinquosi
662 954 829 991 omnium
856 968 919 990 ee-

46 1027 217 1059 terorum
244 1023 444 1060 sacrificiis
473 1024 708 1060 deserviant.

97 1091 221 1128 Pmos
255 1097 296 1128 et
329 1105 521 1129 narremus
554 1092 612 1129 his
640 1092 819 1129 sensibus
843 1091 918 1128 dis-

47 1167 279 1207 cernuntur,
321 1162 427 1213 quod
463 1163 514 1198 sit
561 1162 704 1212 peius
749 1176 769 1198 a
803 1161 919 1201 malo,

46 1231 152 1282 quod
178 1231 218 1267 in
242 1244 312 1267 usu
335 1236 395 1267 est
416 1236 456 1267 et
478 1231 712 1268 ereberrime
740 1231 919 1281 frequen-

45 1304 163 1342 tatur,
194 1300 410 1336 deterius
439 1314 530 1336 vero
562 1315 581 1336 a
615 1299 741 1342 bono,
778 1304 819 1335 ut
850 1299 918 1334 mi-

46 1369 150 1405 noris
172 1368 222 1405 sit
247 1368 374 1405 meriti
391 1397 401 1410 ‚
425 1383 538 1419 qnam
559 1368 623 1413 id,
647 1368 753 1420 quod
777 1367 918 1417 placet.

50 1445 92 1475 10
129 1438 240 1488 Virg.
265 1435 409 1486 Georg.
438 1437 502 1473 lib.
524 1451 604 1475 1111:
644 1437 813 1474 deterior
853 1438 923 1490 qui

43 1509 158 1550 visus,
177 1520 275 1551 euni,
299 1521 346 1543 ne
359 1507 549 1559 prodiqus
571 1507 679 1551 obsit,
693 1507 803 1544 Dede
823 1508 916 1544 neci.

44 1577 155 1614 Idem
178 1576 246 1613 lib.
272 1591 358 1613 vm:
387 1577 556 1613 deterior
582 1577 702 1613 donec
729 1577 919 1628 paulatim

44 1660 90 1682 ac
113 1646 264 1682 decolor
288 1650 412 1682 aetas.
443 1646 553 1682 Haec
572 1647 673 1682 enim
692 1645 918 1682 melioribus

44 1720 257 1767 conparata
286 1719 386 1751 sunt.

95 1786 207 1823 {nter
231 1797 376 1821 cmcml
404 1789 443 1821 et
461 1796 620 1820 GLOBUM
639 1783 714 1820 hoe
732 1783 914 1820 interest:

44 1857 202 1892 circus
236 1859 296 1891 est
328 1853 511 1904 planities
546 1852 733 1897 rutunda,
766 1857 808 1889 ut
841 1853 914 1890 eir-

43 1925 193 1969 enitus,
232 1924 402 1975 globus
442 1923 620 1959 soliditas
654 1923 914 1974 undiquever-

44 2009 126 2032 sum
144 1994 328 2037 rutunda,
350 1999 394 2030 ut
416 1997 475 2030 est
493 1992 635 2043 sphera
652 1997 691 2029 et
713 1993 914 2029 staminum

43 2066 228 2116 glomera.
262 2062 486 2101 M.Tullius
510 2063 558 2099 de
578 2062 752 2099 Deorum
777 2067 911 2099 natura

42 2134 109 2171 lib.
121 2147 169 2170 11:
188 2145 348 2187 cumque
374 2132 476 2169 duae
494 2131 643 2178 formae
655 2132 912 2184 praestantis-

45 2212 90 2242 20
104 2204 221 2240 simae
245 2202 338 2243 sint,
359 2214 404 2238 ex
417 2201 547 2237 solidis
563 2200 710 2251 globus,
728 2198 801 2246 (sic
817 2202 914 2237 enim

41 2274 219 2325 spheram
248 2271 502 2323 interpretari
530 2266 676 2322 placet)
716 2285 762 2307 ex
785 2271 913 2322 planis

44 2393 111 2423 sep.
124 2384 202 2411 ante
215 2379 263 2411 Μ.
287 2385 318 2409 et
331 2385 498 2422 tamqnam
511 2379 692 2420 rele'qerent
709 2376 825 2409 1526.
835 2378 909 2410 «ῙΜ.

44 2434 136 2480 (pag.
149 2433 254 2470 452.)
273 2446 315 2466 ex
338 2435 513 2479 releqendo
529 2435 620 2476 ng.
644 2446 726 2477 prae
743 2436 910 2465 culturam

47 2505 79 2528 10
103 2494 142 2523 L.
174 2493 242 2523 obst
273 2491 355 2522 dede
386 2493 451 2523 W.
478 2492 583 2522 obstet
606 2491 646 2521 de
674 2491 783 2532 princ.
820 2491 912 2521 Inter

650 2546 816 2577 solidatas
843 2547 908 2577 W.

43 2618 78 2640 20
101 2610 210 2634 autem
235 2602 382 2633 circulus
406 2603 441 2634 L.
469 2602 592 2633 theatri
611 2603 688 2633 edd.
716 2602 911 2645 Titim'aque

42 2662 106 2693 VV.
139 2659 332 2694 Mummius,
357 2669 523 2700 superscr.
548 2660 566 2689 b
600 2660 637 2690 L.
664 2655 806 2701 (ubique
831 2654 907 2692 sie).

40 2715 169 2761 praeda
188 2725 328 2757 corpora
346 2713 435 2745 Gell.
451 2715 510 2751 15,
524 2714 588 2748 24.
603 2714 666 2746 26.
686 2715 726 2745 de
740 2716 810 2759 leffe
824 2715 910 2758 Agr.

44 2772 140 2804 Gell.
162 2769 222 2804 15,
242 2768 305 2806 24,
323 2768 360 2801 6.
397 2771 544 2812 praedas
569 2775 646 2802 ante
665 2771 697 2802 J.
737 2772 911 2801 sectionem

43 2828 216 2872 chentin.
243 2825 333 2867 Ing-J,
357 2826 402 2857 M.
426 2827 540 2867 imper.
567 2827 745 2858 decemviri
771 2826 910 2857 vendent

43 2549 204 2580 circulum
230 2547 267 2577 L.
313 2547 461 2578 circulus
484 2552 533 2577 est
568 2546 605 2577 L.

43 2878 253 2927 (pag.455.)
293 2881 430 2923 chent.
470 2883 562 2923 mgnl.
611 2884 769 2915 Antiloee
806 2885 911 2925 princ.

1768 146 1857 184 295

983 263 1110 295 autem
1137 259 1258 295 circus
1283 263 1351 294 aut
1372 255 1486 293 orbis.
1519 254 1709 305 Virgilius
1728 252 1796 289 lib.
1811 266 1854 287 v:

982 328 1184 380 mediaque
1223 328 1262 362 in
1291 326 1392 362 valle
1423 325 1568 374 tyeatri
1593 322 1727 360 Circus
1754 326 1854 359 erat.

984 397 1052 433 Et:
1091 398 1352 448 lucentemque
1386 393 1535 445 ¹qlobum
1576 392 1715 429 Lunae
1751 391 1856 428 Tita-

982 467 1124 518 niaque
1154 471 1278 501 astra.

1035 534 1248 571 DIANUBIAS
1277 547 1298 569 a
1324 544 1479 568 PRAEDA
1507 530 1581 567 hoe
1616 529 1762 566 distare
1794 543 1858 565 ve-

983 608 1087 642 teres
1103 604 1418 645 aestimaverunt,
1432 605 1475 637 ut
1491 601 1541 637 sit
1570 598 1746 650 praeda
1771 611 1858 634 eor-

986 688 1079 724 pora
1110 673 1194 723 ipsa
1221 685 1370 714 rerum,
1404 683 1502 721 quae
1531 669 1753 719 capiuntur,
1775 680 1859 702 ma-

984 742 1154 779 nubiae
1194 741 1379 791 pecuniae
1421 753 1468 775 ex
1511 737 1654 788 praeda
1700 735 1857 773 vendita

983 813 1190 855 redactam
1229 815 1268 847 et
1302 810 1358 846 sic
1392 808 1495 857 apud
1523 807 1734 857 plurimos:
1773 819 1857 841 nam

983 886 1024 918 et
1045 881 1220 919 Marcum
1242 878 1418 917 Tullium
1452 877 1504 913 ita
1531 876 1700 912 sensisse
1727 875 1858 911 volue-

982 956 1086 995 runt,
1105 950 1153 986 de
1176 949 1261 1000 lege
1278 947 1459 998 Agraria:
1487 945 1690 999 praedam,
1722 957 1856 981 manu-

983 1021 1084 1064 bias,
1118 1019 1286 1061 sectiles,
1316 1022 1446 1054 castra
1485 1017 1650 1069 denique
1679 1013 1780 1051 Gnei
1808 1020 1854 1050 30

984 1090 1145 1141 Pompei
1161 1089 1316 1125 sedente
1336 1087 1566 1138 imperatore
1584 1096 1773 1121 censores.

1035 1158 1281 1195 PEnvaCIA
1299 1161 1337 1193 et
1352 1167 1590 1193 PERTmAmA
1604 1154 1678 1191 hoc
1691 1154 1857 1189 distant:

985 1226 1259 1278 pervicacia
1291 1231 1350 1261 est
1373 1224 1567 1261 interdum
1590 1223 1779 1259 bonarum
1796 1235 1856 1258 re-

982 1311 1066 1334 rum
1093 1295 1396 1347 perseverantia,
1426 1293 1635 1344 pertine·
1665 1291 1719 1343 (p.
1734 1286 1858 1330 455.)

983 1366 1052 1402 eia
1082 1379 1239 1415 semper
1259 1364 1454 1401 malarum.
1484 1362 1628 1399 Accius
1641 1360 1858 1413 Myrmido-

983 1435 1112 1472 nibus:
1143 1440 1185 1471 tu
1199 1435 1457 1486 pertinaciam
1473 1444 1566 1475 esse,
1586 1430 1859 1473 ΑητΙιίΙοσΙιαθ,

980 1505 1081 1541 hanc
1098 1502 1336 1556 praedicas?
1366 1500 1452 1554 qu
1475 1501 1734 1553 pervicaciam
1756 1500 1798 1536 ai
1821 1505 1858 1536 et

979 1588 1004 1612 a
1035 1587 1093 1611 me
1127 1574 1185 1610 uti
1215 1573 1319 1610 volo:
1348 1572 1452 1609 Nam
1486 1572 1723 1624 pervicacem
1758 1570 1855 1606 dicis

981 1657 1040 1681 me
1058 1656 1139 1680 esse
1160 1649 1196 1680 et
1219 1644 1370 1680 vincere
1389 1640 1589 1692 Perfacile
1605 1641 1750 1693 patior,
1767 1653 1857 1686 per-

981 1714 1147 1750 tinacem
1168 1713 1222 1750 nil
1236 1726 1375 1749 moror.
1398 1711 1509 1748 Haec
1526 1710 1641 1762 fortis
1667 1712 1857 1764 sequitur,

979 1783 1083 1820 illam
1108 1782 1256 1819 indocti
1267 1782 1490 1834 possident,-
1524 1781 1582 1818 Tu
1607 1780 1736 1823 addis,
1756 1779 1859 1833 quod

979 1854 1068 1889 vitio
1100 1858 1171 1894 est,
1197 1852 1330 1895 demis,
1360 1851 1463 1905 quod
1487 1850 1600 1887 [audi
1624 1850 1756 1887 datur.

1035 1922 1185 1960 sessus
1232 1926 1272 1958 et
1316 1934 1434 1957 ansA
1484 1920 1560 1956 hoe
1605 1924 1855 1969 separantur:

981 2004 1151 2028 sensus
1192 1991 1294 2028 enim
1329 1995 1441 2034 sunt,
1483 1990 1546 2041 qui
1584 1989 1773 2033 sentiunt,
1810 1996 1853 2026 10

979 2074 996 2097 s
1006 2075 1025 2098 e
1037 2075 1059 2097 n
1070 2074 1086 2097 s
1097 2076 1132 2105 a,
1146 2073 1245 2112 quae
1259 2059 1490 2096 sentiuntur.
1501 2058 1641 2095 Cicero
1652 2059 1701 2095 de
1711 2057 1856 2094 Orato-

977 2145 1038 2168 re:
1057 2136 1093 2167 et
1111 2130 1216 2182 quod
1232 2131 1441 2182 exprimere
1461 2128 1620 2165 dicendo
1637 2140 1752 2164 sensa
1766 2140 1854 2178 pos-

979 2212 1123 2237 sumus.
1153 2199 1257 2236 Nam
1275 2200 1441 2252 primum
1466 2197 1713 2249 manifestum
1743 2202 1800 2234 est
1819 2202 1856 2234 et

979 2283 1116 2323 sapere
1141 2281 1223 2312 nos,
1245 2282 1326 2305 cum
1348 2269 1520 2305 incitatio
1542 2268 1605 2311 sit,
1625 2267 1683 2304 vel
1701 2279 1850 2303 sensus,

980 2376 1156 2408 slnte'loclu’
1166 2376 1255 2408 Scal.
1274 2377 1320 2407 M.
1337 2377 1453 2408 Herm.
1480 2375 1684 2406 Archiloehe
1698 2374 1758 2405 rel.
1772 2374 1852 2405 edd.

974 2434 1010 2464 ai
1033 2439 1064 2464 et
1089 2445 1154 2465 om.
1173 2438 1250 2465 ante
1265 2434 1309 2464 A.
1340 2434 1394 2463 aio
1419 2438 1450 2462 ct
1476 2432 1585 2464 AJM.
1625 2437 1655 2462 et
1681 2443 1718 2461 ea
1742 2442 1791 2460 me
1817 2429 1846 2472 ej

974 2491 1107 2520 Fruter.
1124 2489 1238 2520 Herm.
1254 2488 1378 2519 Bothe.
1414 2495 1443 2519 et
1469 2488 1530 2519 liae
1555 2501 1602 2518 me
1627 2487 1756 2530 chcal.
1781 2487 1852 2518 dici

975 2558 1023 2576 me
1047 2546 1138 2576 Scal.
1166 2545 1283 2577 Herm.
1308 2545 1452 2575 dicimus
1481 2543 1598 2576 1526.
1629 2544 1725 2575 dieas
1749 2556 1797 2574 me
1822 2542 1852 2586 cj

977 2601 1102 2633 Bothe.
1116 2601 1190 2631 dieo
1202 2613 1249 2631 me
1263 2600 1452 2643 chambin.
1465 2601 1501 2631 id
1515 2602 1646 2631 vincere
1660 2599 1807 2642 chothe
1817 2599 1852 2631 2.

976 2657 1064 2688 nihil
1089 2658 1128 2693 L,
1151 2661 1228 2688 ante
1239 2657 1275 2689 J.
1301 2669 1343 2687 an
1372 2657 1473 2688 addis
1500 2657 1604 2700 princ.
1629 2657 1717 2700 quod
1732 2657 1853 2688 lauda-

977 2719 1033 2744 tur
1057 2717 1134 2744 ante
1150 2713 1183 2743 J.
1218 2712 1306 2756 quod
1326 2714 1449 2755 probro
1474 2713 1578 2744 datur
1604 2713 1729 2756 chcal.
1764 2712 1853 2755 qnod

974 2770 1094 2812 probro
1105 2768 1307 2799 lmutdatur
1331 2768 1465 2811 ejVoss.
1490 2770 1669 2801 Nam-mel
1681 2781 1798 2801 sensus
1822 2781 1853 2804 ιο

977 2826 1099 2857 incerti
1134 2829 1212 2856 sunt
1245 2825 1442 2868 scriptoris,
1479 2826 1624 2857 fortasse
1659 2825 1850 2858 Ciceronis.

977 2882 1064 2925 qnod
1081 2893 1213 2912 ormena
1229 2881 1266 2912 L.
1302 2878 1437 2921 ὄρμενον
1463 2883 1504 2913 Α.
1542 2880 1640 2922 ὃρμὴν
1664 2883 1716 2913 vel
1740 2880 1850 2913 πάθος
