2174 3267
262 138 322 177 40

260 259 341 283 rem
361 246 529 286 noverit,
559 242 629 278 sed
650 254 736 278 eam
762 242 956 294 explicare
980 243 1142 280 dicendo

259 328 337 352 uon
377 318 516 368 queat,
544 324 670 364 neque
700 312 891 348 inscitiam
920 311 1044 355 illius,
1082 312 1146 348 cui

260 398 324 421 res
343 396 421 419 non
439 380 685 434 suppeditat,
713 386 755 417 at
775 380 893 418 verba.
907 394 986 417 non
1000 381 1142 425 desint,

263 461 309 489 20
327 464 408 489 esse
438 451 696 487 laudandam.

308 521 619 558 SARcmATmcxs
639 534 717 557 non
730 548 740 561 ,
761 524 804 556 ut
818 520 976 571 quidam
991 519 1143 564 volunt,

259 590 487 634 sareitrieis‚
509 590 620 641 quasi
637 605 656 626 a
677 589 907 633 sarciendog,
937 589 1007 626 sed
1019 589 1142 639 magis

257 675 277 697 a
313 660 500 705 sarcinis,
533 660 641 711 quod
663 659 872 711 plurimum
892 659 1059 697 vestium
1079 672 1140 695 su-

255 735 374 767 mant.
403 730 530 768 Varro
544 729 659 766 Onos
680 730 807 780 lyras:
836 730 1003 765 homines
1026 728 1140 764 rusti-

256 813 318 836 cos
345 802 386 837 ιή
415 800 611 837 vindemia
634 799 832 836 incondita
849 803 1035 840 cantare;
1053 809 1138 832 sar-

256 870 458 906 cinatricis
485 871 526 906 in
553 869 754 905 machinis.

308 938 580 975 PmAumsm
619 953 640 975 a
666 936 866 974 veteribus
891 935 1138 980 dicebantur,

258 1009 325 1059 qui
356 1008 522 1044 saltibus
544 1007 607 1045 vel
630 1006 798 1043 schemis
819 1005 1033 1043 levioribus
1056 1018 1137 1041 mo-

258 1082 464 1119 verenturt,
509 1081 550 1114 et
578 1075 661 1113 haee
688 1075 915 1126 proprietas
949 1090 969 1112 a
1000 1073 1138 1111 Graeca

255 1146 523 1183 nominatione
561 1146 792 1188 deseendit„
829 1135 918 1182 ἇιτιῖ
947 1141 1024 1182 τοῦ
1064 1156 1137 1181 πεᾼ

254 1212 427 1253 τᾶσθαι.
470 1215 597 1253 Varro
622 1214 806 1264 Epistula
837 1215 886 1251 ad
922 1213 1137 1250 Caesarem:

259 1293 304 1322 30
331 1290 512 1322 convocat
571 1285 820 1322 Ptolomoeum
866 1285 1137 1335 &acedula-(lon,

254 1353 410 1391 Νῐεοηιι
445 1355 708 1406 petauristen,
750 1354 881 1390 Diona
919 1354 1133 1404 aulopoion.

254 1423 366 1461 Idem
403 1424 452 1460 de
494 1424 574 1460 vita
612 1423 752 1474 populi
791 1423 957 1460 Romani
991 1423 1058 1459 lib.
1088 1423 1134 1459 ii:

254 1507 324 1530 nec
350 1493 477 1529 mittas
505 1493 583 1529 alio
609 1493 650 1529 ιἰι
674 1506 816 1545 qenere
843 1498 935 1529 sunt
955 1493 1041 1529 ludi
1062 1492 1136 1529 vel-

253 1563 334 1599 litis
364 1562 494 1606 Galli,
524 1562 714 1600 Germani
735 1564 977 1614 petauristoe.

254 1627 414 1683 (p.57.)
471 1632 632 1668 Cumani
664 1647 684 1668 a
714 1646 806 1669 cura
837 1632 982 1669 dietam
1009 1631 1136 1668 Varro

254 1700 454 1752 designat,
483 1702 532 1738 de
553 1702 633 1739 vita
658 1701 799 1752 populi
817 1701 988 1738 Romani
1009 1700 1077 1737 lib.
1089 1701 1136 1737 ii:

253 1773 387 1825 itaque
410 1776 574 1823 propter
599 1771 855 1808 caramtocus
883 1783 1046 1823 quoque,
1065 1783 1139 1824 quo

295 1906 448 1938 monibus
470 1908 519 1939 A.
557 1906 736 1951 quicquam
769 1908 915 1938 somm'at
951 1919 995 1938 αη
1043 1909 1134 1952 quic-

934 1963 1072 2006 aliqm'd
1096 1963 1137 1995 de

296 2017 511 2062 philosophis
534 2018 570 2048 iu
594 2018 676 2048 Var.
701 2019 784 2049 lect.
803 2018 912 2050 Merc.
944 2018 975 2049 1.
999 2019 1137 2061 aliquid

298 1974 398 2007 quam
422 1962 568 1994 somniat
592 1968 660 1993 iam
684 1963 753 1994 VV.
773 1962 815 1994 L.
837 1961 886 1994 A.

297 2084 369 2114 mg.
394 2073 433 2105 J.
459 2085 564 2116 neque
588 2073 722 2104 scitiam
748 2073 814 2105 W.
840 2074 879 2104 L.
905 2085 1010 2118 neque
1030 2075 1134 2106 scien-

299 2130 383 2159 tiam.
413 2128 462 2160 A.
499 2129 672 2159 inscitiam
706 2139 746 2159 ex
780 2130 915 2160 emend.
955 2130 1135 2174 subpeditet

299 2191 361 2215 aut
384 2184 485 2215 verba
508 2184 613 2215 MSS.
637 2184 686 2215 M.
714 2186 780 2217 W.
806 2186 956 2229 subpetit
979 2191 1015 2216 at
1033 2187 1135 2217 verba

298 2242 340 2272 L.
381 2239 579 2283 suppeditat
602 2245 639 2270 at
678 2240 719 2283 cj.
744 2241 791 2273 M.
837 2242 988 2285 suppetit
1011 2248 1047 2273 at
1087 2243 1133 2274 A.

299 2296 451 2340 suppetit
463 2307 502 2326 ac
514 2296 551 2327 J.
577 2296 777 2339 suppeditat
791 2302 852 2327 aut
869 2297 983 2338 mg·.J.
1008 2309 1044 2332 20
1060 2299 1134 2329 Iau-

296 2352 414 2383 danda
436 2350 482 2382 A.
508 2353 652 2382 vestium
675 2358 778 2383 suant
804 2351 845 2395 ej.
872 2351 1003 2384 Gulicl.
1022 2353 1056 2385 2.
1075 2353 1133 2385 12.

299 2407 364 2439 25.
390 2408 426 2438 in
449 2408 597 2438 sarcinis
621 2407 664 2451 ej.
690 2408 733 2440 V.
760 2408 805 2439 I).
838 2410 899 2439 sed
924 2409 1134 2443 cfr,Guliel.

302 2464 338 2496 2.
357 2463 417 2496 12.
441 2465 478 2495 in
501 2465 589 2495 aclis
613 2465 694 2496 olim
720 2464 762 2508 ej.
778 2463 908 2496 Guliel.
934 2466 1135 2496 sarcinatri-

300 2532 352 2551 σω·
386 2531 457 2562 mg.
483 2519 520 2551 J.
545 2520 643 2563 prob.
670 2520 795 2552 Guliel.
821 2522 965 2564 Popma.
991 2521 1132 2553 Lersch.

298 2576 430 2607 schenis
439 2577 504 2607 W.
529 2576 669 2607 schemis
681 2577 720 2607 L.
746 2577 775 2620 cj
784 2602 790 2608 .
802 2576 908 2608 Turn.
920 2578 1013 2620 Lips.
1025 2578 1134 2609 Palm.

300 2644 331 2675 p.
360 2631 448 2664 155.
474 2632 535 2663 cfr.
561 2630 625 2663 61.
652 2631 687 2663 5.
712 2632 864 2664 schoenis
888 2632 933 2665 A.
958 2634 992 2665 J.
1027 2635 1135 2665 scenis

494 2687 560 2719 cfr.
597 2687 708 2720 Turn.
741 2687 808 2720 29.
853 2689 915 2721 19.
955 2689 1049 2722 Scal.
1090 2691 1134 2722 ad

300 2744 396 2775 Fest.
437 2755 502 2781 apo
527 2749 563 2774 tu
586 2749 706 2788 petaso
728 2755 799 2786 mg.
824 2746 893 2777 XV.
940 2756 976 2781 30
1002 2747 1132 2778 cinado-

298 2800 369 2830 loco
395 2799 460 2831 W.
486 2798 528 2830 L.
555 2799 798 2844 cffiaedoloqon
826 2800 920 2843 cj.-1.
939 2802 1131 2835 cfr.Tu1·n.

301 2853 367 2888 29.
399 2853 462 2886 19.
504 2854 668 2886 cinaedm.
698 2856 872 2889 laconicon
906 2864 976 2901 pet.
1013 2857 1061 2890 Α.
1094 2858 1131 2890 J.

298 2699 368 2728 mg.
402 2687 440 2719 J.

914 133 1124 173 NONIUS
1153 132 1488 173 MARCELLUS

1209 256 1317 280 suam
1351 244 1515 298 quisque
1545 243 1693 280 donmm
1725 247 1882 278 senator
1919 239 2083 294 confert,

1209 315 1353 351 curiam
1383 313 1568 366 appellat.

1259 382 1473 420 Lemonum
1500 382 1782 433 proprietatem
1804 396 1823 417 a
1849 380 1996 417 dilectu
2013 380 2082 417 mi-

1207 451 1321 489 litum
1363 453 1491 490 Varro
1538 453 1585 489 de
1628 452 1705 489 vita
1741 450 1882 502 populi
1916 450 2082 487 Romani

1208 520 1310 559 libro
1335 522 1389 558 iii.
1416 521 1559 559 dictam
1583 522 1883 571 interpretatur:
1912 525 1991 556 tum
2013 532 2082 571 ap-

1204 591 1372 643 pellatas
1400 597 1457 628 est·
1483 592 1664 633 dilectus,
1693 596 1729 626 et
1757 589 1804 626 ab
1833 589 2012 625 electione
2033 589 2084 625 le-

1205 662 1292 712 qc‘05
1321 660 1367 697 ab
1391 663 1464 698 hac
1488 673 1862 714 supervacaneoram
1883 663 2083 696 consueta-

1206 730 1296 767 dz’ne
1326 730 1612 767 adscribantur.
2038 735 2082 764 10

1259 800 1409 845 Ass-As,
1437 800 1631 844 nutrices,
1660 798 1828 839 difficilis
1858 798 1970 835 multi
2004 797 2083 834 exi-

1207 870 1365 906 stimant
1386 868 1623 906 intellectus.
1653 867 1708 905 At
1733 881 1826 904 vero
1854 867 1933 904 aeri
1956 867 2084 904 inten-

1207 939 1314 976 tione
1339 938 1537 989 potuimus
1565 937 1776 986 indagare,
1807 936 1856 973 ob
1887 950 1970 973 eam
1991 950 2083 987 pro-

1207 1008 1418 1059 prietatem
1445 1006 1561 1044 offieii
1594 1019 1640 1043 eo
1671 1005 1827 1042 nomine
1853 1006 2084 1056 nuncupari,

1205 1077 1313 1129 quod
1331 1077 1460 1114 adsint
1484 1076 1559 1121 his,
1586 1088 1684 1127 quos
1709 1075 1897 1120 nutriant,
1925 1089 1998 1113 nee
2020 1075 2083 1113 vel

1205 1147 1346 1197 exiguo
1373 1145 1632 1190 divellantur3
1662 1145 1766 1182 unde
1799 1145 2003 1182 adseculas
2036 1144 2084 1182 ab

1205 1229 1276 1261 eo,
1304 1216 1410 1267 quod
1441 1215 1570 1251 adsint
1601 1219 1641 1251 et
1667 1214 1845 1251 omnibus
1871 1215 1985 1252 iussis
2014 1214 2083 1251 do-

1202 1285 1394 1323 minorum
1420 1288 1565 1336 praesto
1596 1285 1698 1329 sint,
1724 1298 1809 1321 esse
1834 1284 2042 1322 vocitatos.

1256 1354 1398 1392 mexss
1427 1354 1611 1391 dicuntur
1633 1354 1785 1391 feminae
1812 1354 1978 1399 nitendi,
2007 1354 2083 1391 hoc

1205 1428 1264 1461 est
1279 1423 1449 1461 conandi
1461 1427 1500 1460 et
1514 1423 1690 1468 dolendi,
1706 1422 1841 1461 labore
1852 1424 2083 1474 perfunctae,

1203 1508 1224 1530 a
1246 1493 1381 1538 Nixis,
1409 1506 1495 1544 quae
1518 1492 1752 1544 religionum
1776 1507 1920 1543 genera
1942 1507 2010 1544 pa·
2033 1501 2079 1531 20

1202 1562 1395 1601 rieutibus
1418 1566 1613 1613 praesunt3
1642 1562 1713 1599 sed
1734 1562 1943 1613 eligantior
1964 1562 2081 1600 intel-

1202 1632 1344 1678 lectus,
1366 1637 1411 1668 ut
1438 1646 1486 1668 ex
1508 1631 1584 1669 hoc
1605 1632 1719 1669 dietae
1744 1645 1828 1669 esse
1857 1632 2082 1677 credantur,

1205 1700 1311 1753 quod
1340 1701 1506 1738 vinculis
1532 1701 1763 1753 quibusdam
1789 1702 1972 1752 periculi,
1997 1703 2081 1754 qui-

1204 1770 1277 1808 hus
1322 1770 1629 1822 inplicat-entur,
1675 1770 1820 1808 fuerint
1869 1771 2078 1809 exsolutae:

1247 1909 1392 1951 Popma.
1441 1909 1574 1940 vellitis
1598 1909 1663 1940 W.
1712 1908 1851 1940 vellidis
1877 1909 1916 1940 L.

1245 1966 1392 2007 Popma.
1418 1965 1506 1996 salio
1523 1984 1556 1988 —
1575 1964 1667 1995 ludii
1690 1965 1808 1996 velites
1832 1963 1877 2007 cj.
1903 1963 2013 1996 Palm.
2042 1976 2076 2007 p.

1249 2020 1340 2053 147.
1363 2021 1481 2065 pelliti
1506 2019 1606 2051 Galli
1630 2019 1672 2062 ej.
1701 2019 1864 2052 Gerlach.

1201 2089 1284 2121 pag.
1311 2076 1378 2108 57.
1404 2076 1536 2108 (Ιοπηιυη
1561 2075 1954 2119 om.J.Vulg.P0pma.
1982 2076 2078 2109 domo

1965 1909 2080 1940 velitis

1244 2133 1289 2175 cj.
1314 2131 1363 2164 M.
1398 2144 1448 2175 pr.
1473 2130 1638 2163 Gerlach.
1676 2143 1739 2176 quo
1763 2133 1963 2163 senteutiam
1987 2134 2077 2177 quis-

1244 2200 1307 2233 que
1330 2188 1427 2231 Lips.
1453 2188 1522 2230 Ep.
1550 2200 1608 2230 qu.
1634 2187 1673 2219 4.
1700 2187 1765 2220 25.
1797 2187 1931 2219 ‹lovnum
1965 2188 2073 2222 MSS.

1244 2245 1293 2277 M.
1315 2245 1381 2276 W.
1405 2244 1501 2275 L.B.
1524 2243 1621 2276 A.J.
1648 2240 1697 2279 (in
1724 2241 1874 2282 erratis).
1900 2245 1996 2276 curia
2019 2257 2076 2290 ap-

1239 2301 1393 2343 pellatur
1429 2299 1473 2342 (j.
1499 2300 1644 2342 Popma.
1679 2299 1829 2331 delectus
1852 2299 1901 2332 A.
1927 2302 2096 2344 Popma..

1243 2361 1274 2387 et
1298 2356 1339 2386 ab
1364 2357 1430 2388 W.
1457 2356 1498 2387 L.
1525 2356 1573 2387 A.
1599 2356 1742 2399 Popma.
1768 2362 1808 2387 ut
1830 2357 1923 2400 vulg.
1948 2357 2075 2389 adscri—

1243 2412 1368 2442 buntur
1411 2412 1472 2454 qui
1515 2411 1722 2460 ademafitivi
1762 2418 1856 2447 sunt,
1905 2414 1965 2457 qui
2003 2424 2075 2444 cum

1245 2467 1310 2498 cfr.
1337 2464 1432 2498 520.
1459 2465 1498 2497 9.
1524 2467 1671 2510 Popma.
1709 2467 1913 2511 adscriptivi
1946 2467 1990 2511 cj.
2023 2469 2072 2501 M.

1247 2534 1278 2557 10
1302 2523 1415 2554 Assas
1449 2523 1514 2554 csr.
1541 2523 1634 2555 Seal.
1660 2523 1687 2555 f.
1714 2522 1806 2555 242.
1832 2523 1960 2555 Muret.
1987 2524 2071 2557 var.

1243 2579 1342 2610 Lect.
1373 2578 1436 2610 15.
1459 2578 1520 2610 15.
1547 2579 1680 2610 derivat
1704 2590 1722 2609 a
1738 2578 1863 2611 Graeco
1889 2577 1971 2611 ἅττα
1996 2581 2020 2613 i.
2041 2592 2071 2613 e.

1242 2646 1400 2666 mamma.
1435 2635 1588 2666 indicare
1612 2635 1652 2666 L.
1686 2636 1835 2666 asseclas
1862 2637 1911 2668 A.
1947 2638 2073 2681 σαίρω)

1242 2697 1384 2735 tempore
1408 2691 1449 2721 ab
1476 2691 1552 2722 illis
1583 2690 1655 2722 div.
1692 2691 1835 2733 Popma.
1873 2692 2072 2735 persi-teclae

1240 2747 1410 2790 mistisque
1433 2747 1530 2790 reliq.
1554 2747 1596 2778 L.
1622 2747 1790 2789 mixisque
1814 2747 1883 2779 Ἦν.
1909 2749 2068 2780 aom.A.

1239 2801 1276 2834 J.
1317 2814 1333 2832 e
1357 2802 1460 2832 Nixae‘s
1485 2801 1529 2843 ej.
1555 2801 1663 2834 Turn.
1691 2801 1757 2833 29.
1788 2801 1850 2834 19.
1892 2803 2070 2847 enixisque

1240 2869 1307 2900 mg.
1332 2858 1369 2890 J.
1407 2869 1427 2888 α
1452 2857 1554 2889 Nixis
1570 2882 1578 2893 ‚
1603 2870 1676 2902 quse
1701 2857 1744 2899 vj.
1772 2859 1872 2902 Lips.
1906 2870 1942 2894 20
1967 2860 2066 2903 reliq.
