2174 3267
548 174 580 211 Ι.
636 173 710 211 DE
740 172 1147 213 PROPRIETATE
1177 174 1505 214 SERMONUM.
1889 176 1944 213 21

112 282 234 319 ordio.
272 280 414 318 Cicero
434 279 471 316 T
475 280 605 317 imaeo:
635 278 897 329 difficillimum
925 295 993 318 ciu-

116 359 160 387 30
178 355 252 386 tem
271 354 329 386 est
349 350 391 386 in
411 350 515 386 omni
532 349 812 403 conquisitione
832 352 995 387 rationis

112 419 319 456 exordium.
354 419 484 457 Varro
508 418 622 457 Onos
643 419 769 472 lyras:
799 419 869 473 qui
881 419 993 467 subu-

110 489 237 525 Iarum
262 489 452 526 collocant
474 490 650 526 exordia.

162 557 282 595 INors
325 559 471 596 dicitur
509 559 593 596 sine
633 572 710 609 ope
753 561 794 595 et
833 558 993 596 auxilio.

109 628 250 679 virgil.
291 628 359 666 lib.
386 629 480 666 viii:
535 642 599 665 res
628 628 752 680 inopis
775 627 994 664 Euandrus

109 693 166 749 (p.
181 694 272 743 51.)
285 698 463 735 habebat.
494 698 549 736 Et
564 697 852 748 Georgicorum
877 697 945 735 lib.
959 698 993 735 i:

108 773 227 822 utque
265 769 373 821 inopi
400 774 574 805 metuens
604 768 767 816 formica
795 773 986 804 senectae.

109 837 326 875 Terentius
357 837 532 875 Adelfis:
570 836 671 885 ferte
706 838 843 874 misero
875 842 994 890 atque

107 909 305 944 innocenti
324 908 526 952 aemilium,
555 906 762 944 Subvenite
788 908 908 959 inopi.
934 907 992 945 M.

108 977 201 1014 Tul.
234 977 284 1014 de
306 976 459 1014 Officiis
497 977 567 1015 lib.
592 978 639 1014 ii:

108 1047 219 1099 inops
235 1047 311 1092 ille,
332 1048 407 1084 etsi
428 1047 549 1084 bonus
575 1053 633 1084 est
656 1049 730 1092 vir,
748 1048 864 1083 etiam
883 1049 920 1083 si
931 1061 991 1084 re-

684 977 867 1014 nimirum
895 978 993 1013 enim

107 1116 215 1167 ferre
248 1119 418 1170 qratiam
452 1131 530 1154 non
552 1123 692 1171 potest,
720 1117 862 1154 luthere
889 1123 992 1154 certe

103 1192 247 1237 potest.

132 1256 384 1293 DEFRUDARE
405 1257 601 1308 significat
616 1258 787 1293 fructum
801 1258 993 1301 minuere,

106 1325 168 1363 vel
177 1340 250 1377 per
258 1325 434 1363 fraudem
445 1326 595 1378 aliquid
605 1326 994 1377 exqui1·cre.Te1·ent.

112 1402 154 1433 10
171 1395 410 1433 Formione:
439 1409 551 1433 suum
576 1395 798 1443 defrudans
820 1397 991 1448 genium,

106 1466 310 1517 compet-sit
324 1466 455 1503 miser.
497 1466 664 1503 Plautus
680 1466 884 1504 Asinaria:
913 1466 992 1503 ten’

105 1549 173 1587 eqo
194 1535 413 1588 detrudent.
432 1537 498 1573 cui
512 1537 590 1589 ipsi
604 1537 701 1574 nihil
716 1542 774 1573 est
791 1537 833 1573 in
847 1536 993 1573 manu?

104 1605 149 1643 N
149 1607 199 1642 isi
203 1606 298 1660 quid
306 1612 347 1643 tu
355 1619 475 1659 porro
487 1620 645 1643 uxorem
659 1606 946 1658 defi-udaveris.

159 1675 300 1712 Senum
331 1676 481 1713 dictum
520 1681 582 1713 est
617 1677 728 1728 quasi
759 1677 990 1722 semiudum,

106 1749 149 1782 ut
159 1750 295 1783 estaer
306 1751 399 1797 post
409 1746 564 1797 pluvias
575 1760 739 1783 serenus
752 1751 791 1783 et
801 1747 990 1797 liquidus.

107 1815 298 1865 virgulil).
311 1816 399 1852 viii:
429 1829 542 1852 arma
564 1818 669 1852 inter
689 1815 810 1851 nubes
830 1816 914 1852 cccli
934 1828 992 1851 re-

103 1886 218 1937 gione
230 1898 374 1922 serena
396 1885 479 1922 Per
495 1886 634 1922 sudum
653 1884 820 1921 rutilare
842 1885 988 1921 vident.

104 1954 270 1991 Plautus
294 1955 446 1992 Milite:
491 1968 576 1991 cum,
604 1954 704 1991 Solis
745 1954 855 1991 radii
892 1954 991 1999 olim,

106 2039 192 2062 cum
232 2026 372 2062 sudum
414 2029 486 2068 est,
528 2027 665 2061 solent.
724 2024 776 2061 Et
814 2023 992 2061 Lucilius

152 2133 306 2164 con-exit
330 2133 503 2176 Leopard.
541 2132 601 2164 18.
632 2132 693 2164 15.
732 2130 863 2172 Scalig.
901 2130 990 2163 100.

151 2199 187 2223 30
213 2189 372 2221 Exordia
396 2194 436 2220 ut
459 2189 576 2220 comici
610 2200 645 2231 p.
676 2186 765 2219 176.
797 2186 857 2219 19.
893 2187 988 2219 Scal.

151 2245 243 2276 coni.
268 2257 302 2288 p.
330 2244 394 2277 56.
423 2243 486 2276 72.

104 2312 184 2343 pag.
204 2300 269 2332 51.
293 2302 510 2332 subveniente
525 2301 621 2344 inopi
643 2301 682 2332 L.
721 2301 782 2332 illc
807 2301 839 2331 si
859 2300 907 2332 Μ.
926 2300 987 2332 10.

151 2357 214 2388 cfr.
239 2369 270 2399 p.
297 2355 391 2388 525.
418 2356 454 2388 5.
483 2356 574 2389 117.
601 2356 664 2388 29.
716 2356 929 2399 defi-auduus
953 2358 989 2388 in

147 2414 286 2458 ¹qcnz'um
311 2413 477 2456 confer-sit
500 2413 540 2444 L.
580 2414 766 2456 conspersit
799 2414 864 2444 W.
906 2425 988 2444 com-

146 2470 260 2512 pet-sit
284 2469 398 2501 Editt.
437 2470 610 2501 Asinaria
650 2470 729 2501 Ten'
760 2481 819 2512 eqo
854 2481 920 2500 om.
946 2470 985 2500 L.

149 2525 191 2557 de
210 2525 337 2568 fraude
361 2526 428 2557 W.
446 2526 487 2557 L.
511 2526 689 2569 defi-uilem
709 2526 825 2557 Editt.
849 2525 987 2569 defrau-

150 2582 291 2613 «laveris
315 2583 379 2614 W.
405 2581 649 2623 defi-udaveris
660 2583 700 2614 L.
719 2582 908 2614 semiustum
921 2584 986 2614 W.

150 2638 191 2669 L.
216 2637 263 2669 A.
288 2638 387 2681 prob.
414 2638 446 2670 Ο
473 2638 602 2670 Miiller
618 2641 662 2670 ad
674 2639 818 2670 Festum
844 2637 985 2681 p.2{)5.

151 2694 329 2726 semidium
353 2695 399 2726 Μ.
425 2706 498 2726 curn
523 2696 608 2727 solis
633 2695 700 2725 IV.
725 2695 764 2726 L.
791 2697 837 2727 A.
867 2694 984 2727 1526.

152 2751 249 2782 radio
283 2751 330 2782 A.
367 2750 484 2782 1526.
532 2764 632 2795 quam
670 2753 754 2783 solis
790 2753 884 2784 radii
916 2766 986 2783 ess(-

153 2807 232 2836 olim
260 2827 294 2837 ,-
322 2809 431 2840 solent
455 2807 499 2851 ej.
515 2809 659 2840 Bentin.
678 2821 694 2840 c
713 2810 852 2840 Plauto.
886 2821 920 2843 20
935 2810 983 2840 in-

153 2863 259 2893 ritare
282 2864 322 2894 L.
348 2876 390 2895 m.
417 2864 451 2897 Ι.
478 2865 542 2896 cfr.
556 2866 665 2897 Turn.
685 2866 749 2898 29.
770 2865 829 2898 17.
857 2867 985 2897 irriun!

153 2920 219 2950 XV.
246 2931 314 2962 mg.
340 2919 373 2952 J.
413 2922 552 2953 irruunt
585 2924 632 2954 A.
669 2924 701 2954 J.
739 2924 881 2954 irritata
905 2934 985 2954 cunc

1064 282 1133 320 lib.
1155 282 1311 320 xxviiii:
1341 298 1412 320 nec
1430 289 1629 321 ventorum
1639 280 1804 336 flam-ina
1813 282 1950 336 flando

1061 353 1162 388 sudu
1191 354 1418 390 secundent.
1899 362 1944 390 20

1117 421 1316 459 INmTAnE
1345 422 1493 459 dictum
1523 427 1585 459 est
1609 423 1772 473 proprie
1804 436 1948 473 provo-

1065 504 1180 535 cat-(33
1210 495 1379 529 tractum
1399 506 1419 527 a
1442 491 1618 537 canibus,
1645 493 1725 543 qui,
1747 507 1833 530 cum
1854 507 1948 543 pro-

1063 564 1275 604 vocantur,
1304 560 1464 597 inriunt.
1493 559 1672 597 Lucilius
1685 562 1816 614 Satyr.
1833 563 1901 599 lib.
1917 563 1929 599 i
1946 577 1953 598 z

1062 629 1231 666 inritata
1244 643 1356 674 cane,
1379 643 1497 683 quum
1513 630 1636 674 homo,
1657 645 1773 684 qttum
1791 633 1950 685 planius

1063 699 1171 736 dicit.
1203 699 1419 736 Terentius
1432 699 1666 736 Formione:
1688 701 1816 738 inrito.
1836 702 1948 753 Virg.

1062 768 1131 806 lib.
1157 783 1201 805 x:
1237 769 1456 824 inritatque
1482 769 1608 805 virum
1639 769 1749 814 telis,
1791 776 1827 807 et
1861 785 1951 807 voce

1299 838 1512 876 Sallustius
1548 839 1654 877 Hist.
1686 839 1756 876 lib.
1781 840 1811 877 i:

1061 922 1151 945 vero
1180 914 1216 946 et
1238 910 1348 961 posci
1369 923 1455 946 cum
1475 910 1597 946 ceteri
1623 910 1793 946 eiusdem
1819 923 1947 947 causoe

1061 839 1229 875 lucessit.
1856 846 1948 877 tunc

1061 979 1196 1015 ducem
1228 992 1269 1015 se
1301 984 1441 1016 nactus
1474 980 1575 1023 ruti,
1615 982 1780 1017 marimo
1801 981 1945 1032 qatcdz'o

1061 1048 1197 1085 bellum
1243 1050 1420 1087 inritare.
1486 1048 1664 1087 Lucilius
1706 1050 1774 1087 lib.
1800 1051 1944 1088 xxviii:

1061 1117 1194 1155 Lucili
1208 1120 1246 1155 si
1261 1119 1302 1154 in
1319 1133 1450 1155 umore
1465 1121 1641 1157 inriturit
1664 1134 1747 1157 suo.
1779 1120 1945 1158 Plautus

1061 1186 1326 1238 Amfitryone:
1392 1189 1573 1225 inritabis
1641 1190 1864 1227 crabrones,
1898 1199 1943 1228 30

1061 1255 1190 1292 Varro
1206 1256 1480 1308 Sesquiulixes
1495 1272 1502 1294 :
1526 1272 1655 1295 omnes
1673 1260 1844 1296 inritans
1855 1274 1945 1296 ven-

1060 1331 1118 1362 tos
1155 1339 1361 1380 omnesque
1384 1327 1589 1379 procellas.

1112 1395 1337 1434 AssLl-:GARE
1378 1402 1437 1435 est
1463 1399 1627 1449 proprie
1657 1399 1736 1436 alio
1766 1399 1947 1444 mittere3

1061 1465 1210 1503 dietum
1234 1481 1254 1503 a
1271 1466 1432 1517 legatis,
1456 1468 1524 1519 qui
1547 1482 1632 1505 cum
1656 1468 1763 1519 lega·
1786 1464 1945 1520 (p.52.)

1059 1536 1236 1574 tionibus
1252 1538 1474 1576 mittuntur.
1531 1539 1748 1577 Terentius
1767 1539 1948 1591 Hecyra:

1058 1606 1189 1660 aliquo
1217 1608 1311 1644 milti
1336 1607 1416 1645 Est
1443 1608 1695 1661 able-quintus,
1719 1611 1811 1646 dum
1835 1611 1946 1662 parit

1057 1676 1279 1714 R‘lumena.

1112 1746 1313 1783 ARCANUM
1346 1748 1491 1785 dieitur
1525 1753 1743 1795 secretum,
1771 1749 1834 1786 vel
1856 1749 1943 1786 ahs-

1059 1816 1283 1861 conditnm3
1324 1818 1432 1868 quod
1475 1832 1560 1868 quae
1596 1819 1636 1855 in
1682 1819 1782 1855 arcis
1830 1824 1942 1860 sunt„

1715 1888 1828 1939 Virg.
1850 1887 1941 1926 AEn.

1270 1956 1390 1993 solum
1433 1970 1525 1994 num
1560 1957 1737 2008 perfidus
1776 1958 1839 1995 ille
1888 1959 1941 1996 Te

1059 1885 1195 1922 caelata
1227 1890 1318 1923 sunt
1347 1891 1387 1923 et
1415 1887 1660 1925 abscondita.

1057 1954 1126 1991 lib.
1161 1955 1216 1992 iv:

1057 2024 1195 2069 colere,
1214 2039 1383 2063 arcanos
1398 2028 1514 2063 etiam
1530 2027 1601 2064 tibi
1614 2029 1774 2065 credere
1785 2042 1936 2065 sensus.

1102 2133 1168 2163 W.
1193 2133 1242 2164 A.
1267 2132 1303 2164 J.
1339 2134 1402 2164 inr.
1436 2134 1474 2166 L.
1512 2147 1613 2179 quum
1637 2135 1746 2168 MSS.
1784 2140 1818 2167 et
1843 2138 1938 2168 Edd.

1100 2188 1202 2231 prob.
1239 2189 1400 2221 Reuvcns
1438 2191 1521 2223 coll.
1558 2192 1629 2224 litt.
1665 2205 1697 2235 p.
1738 2191 1826 2224 168.
1873 2194 1938 2225 cfr.

1099 2245 1228 2276 Donat.
1263 2247 1306 2277 ad
1343 2246 1497 2290 Adelph.
1532 2249 1585 2280 ΙΙ.
1624 2248 1664 2281 4.
1696 2248 1759 2281 18.
1798 2250 1936 2282 Charis.

1099 2313 1134 2344 p.
1159 2300 1237 2333 100
1262 2302 1301 2333 P.
1327 2303 1469 2335 irritata
1495 2306 1590 2336 canis
1614 2305 1704 2349 quod
1720 2305 1813 2338 Ῐιυιηο
1838 2319 1938 2351 quum

1094 2358 1249 2400 plurima
1273 2358 1383 2390 dictat
1399 2361 1529 2392 Donat.
1555 2361 1697 2393 irritata
1710 2373 1819 2397 ermes,
1836 2375 1937 2406 quam

1101 2433 1134 2437 —
1164 2414 1275 2445 dicit?
1299 2415 1475 2448 Reuvens.
1510 2418 1652 2448 irritata
1676 2429 1775 2449 canes
1795 2418 1933 2450 Charis.

1097 2482 1150 2513 pr.
1177 2471 1227 2503 M.
1256 2471 1288 2503 1.
1314 2473 1456 2504 irrita-'a
1472 2485 1570 2505 canes
1588 2474 1687 2518 quod,
1712 2474 1805 2506 homo
1823 2486 1935 2518 quani,

1092 2527 1230 2569 planiu'
1247 2528 1333 2561 dicit
1357 2529 1451 2561 Scal.
1464 2530 1556 2574 conj.
1571 2542 1608 2573 p.
1625 2530 1690 2562 71.
1706 2531 1808 2573 prob.
1824 2531 1934 2562 Dusa.

1096 2584 1238 2615 irritata
1252 2586 1346 2616 canis
1358 2598 1458 2630 quam.
1471 2585 1565 2618 Ῐιοιηο
1580 2599 1679 2630 quam
1697 2587 1747 2630 pl.
1764 2586 1798 2617 d.
1824 2586 1935 2618 Turn.

1098 2637 1164 2670 29.
1195 2640 1254 2671 17.
1280 2646 1350 2672 tum
1375 2654 1453 2673 vero
1470 2643 1533 2674 Al.
1560 2643 1704 2674 Etrusci
1720 2654 1794 2674 cum
1818 2644 1936 2675 ceteris

1100 2715 1133 2719 —
1162 2708 1196 2726 sc
1220 2703 1335 2729 nactos
1361 2698 1526 2741 cj.Mere.
1554 2711 1657 2730 causa
1682 2705 1714 2730 et
1738 2699 1854 2731 (liccem
1872 2699 1933 2731 Al.

1095 2757 1216 2783 intactus
1251 2755 1316 2785 XV.
1349 2755 1454 2787 MSS.
1487 2756 1537 2788 Μ.
1561 2756 1604 2787 L.
1643 2755 1761 2787 ducem
1796 2762 1934 2787 senatus

1200 2811 1260 2842 Al.
1292 2812 1339 2842 A.
1391 2812 1551 2844 Lucilius
1573 2813 1606 2844 si
1628 2812 1738 2844 Dusa.
1789 2822 1824 2847 30
1858 2825 1932 2851 pro<

1095 2866 1200 2896 cellas
1216 2867 1327 2910 ipsum
1342 2868 1464 2899 audivi
1487 2864 1707 2913 (Cyclopem)
1723 2870 1871 2912 Popma;
1895 2880 1932 2899 ea

1098 2922 1201 2954 verba
1216 2924 1303 2955 male
1318 2925 1434 2957 avulsa
1449 2929 1528 2957 sunt
1542 2938 1558 2956 a
1574 2927 1698 2969 fragm.
1714 2939 1747 2969 p.
1760 2926 1836 2958 521
1847 2951 1854 2958 .
1867 2925 1932 2956 29,

1096 2809 1166 2838 rati
