2174 3267
731 162 803 201 Vl.
859 161 933 199 DE
989 160 1333 200 INPROPRIIS.

102 279 238 310 natam
268 273 358 309 eicit
378 270 522 308 ieiunio
541 269 723 308 vellicem.
769 270 900 318 Quius
920 284 985 307 au-

102 342 296 380 ctoritatis
337 340 571 391 gravitatem
613 344 771 377 secutus
808 338 923 378 Maro
966 353 987 376 a

102 425 196 449 vero
219 423 296 447 non
314 409 529 451 aberravit,
545 408 654 459 Virg.
671 407 857 458 Georgic.
876 408 986 446 liba:

101 487 172 518 aut
194 480 332 516 boreae
355 477 598 531 penetrabile
616 477 746 530 frigas
771 478 933 515 adurat.

153 550 428 587 AEmHCANm
464 548 669 586 manifesta
705 552 767 585 est
792 547 987 598 significa-

105 619 184 663 tio;
206 618 254 654 ab
277 631 324 655 eo
352 622 518 655 tractum
544 622 619 662 est,
644 622 702 662 ut,
726 631 906 669 quaeque
934 618 989 654 fa-

101 688 306 725 bricantur
328 686 508 738 qualibet
535 700 679 737 opera,
709 687 908 724 aedificari
929 687 988 724 di-

100 762 253 795 cantur.
296 757 408 809 Virg.
436 756 640 795 Aeneidos
669 756 738 793 lib.
768 770 834 793 111:
860 757 990 793 instar

99 827 238 864 montis
264 840 370 864 ecam
397 826 534 864 divina
550 826 730 864 Palladis
750 831 838 863 arte
865 825 988 863 Aedi-

98 896 235 945 ficant.

156 966 376 1010 SQUALERE
411 979 491 1003 non
516 966 692 1003 sordium
718 965 879 1016 plenum
903 978 989 1001 essc

106 1043 152 1073 20
178 1035 472 1080 tantummodo,
503 1040 547 1073 ut
569 1049 673 1072 nunc
701 1035 989 1073 consuetudine

104 1118 332 1155 persuasum
374 1108 459 1149 est,
499 1105 570 1142 sed
598 1105 766 1142 honesta
795 1119 838 1143 re
871 1104 990 1142 abun-

105 1175 199 1212 dare
231 1179 272 1212 et
300 1175 491 1212 refertum
521 1187 608 1211 esse
640 1179 795 1211 veteres
824 1174 992 1211 honesta

105 1244 340 1281 auctoritate
383 1249 626 1294 posuerunt,
674 1243 844 1295 ducique
891 1244 992 1280 hanc

104 1313 404 1364 significantiam
445 1328 466 1350 a
506 1314 679 1365 squamis
721 1318 875 1364 putant.
939 1312 994 1351 Ut

105 1383 208 1420 enim
249 1388 310 1420 est
344 1383 385 1419 in
427 1382 663 1434 corporibus
699 1383 875 1420 sordium
913 1383 994 1421 alta

105 1452 331 1502 cong-erieS,
357 1466 457 1503 quae
484 1451 668 1503 squalere
698 1452 899 1497 dicuntur,
925 1453 994 1498 ita,

104 1522 213 1574 quod
241 1521 359 1559 suerit
387 1520 567 1573 qualibet
592 1535 636 1558 re
663 1522 871 1559 densatum
901 1536 994 1560 one-

104 1596 232 1629 ratum
269 1591 615 1643 inculcatumque‚
651 1592 832 1643 squalere
859 1591 995 1629 voluc-

106 1665 209 1698 runt.

269 1660 462 1711 Virgilius
507 1660 576 1697 lib.
607 1674 669 1697 xl:
709 1674 783 1713 per
826 1663 998 1699 tunicam

105 1730 348 1784 squalentem
388 1743 501 1767 auro.
555 1730 702 1768 Accius
739 1731 996 1781 Paelopidis:

108 1802 190 1838 eius
216 1801 409 1851 serpentis
431 1812 597 1852 squama
624 1800 806 1854 squalido
834 1813 931 1837 auro
961 1806 999 1837 et

104 1883 285 1922 purpura
311 1874 455 1906 textae.

110 1947 156 1976 30
230 1939 546 1976 Tamscmzssns
564 1953 583 1975 a
603 1939 747 1989 pedum
765 1940 890 1989 gradu
906 1953 998 1991 pro-

108 2009 194 2060 prie
233 2009 401 2053 dicitur,
438 2009 509 2045 sed
544 2009 758 2046 auctoritas
788 2009 999 2046 vetustatis

106 2079 336 2117 liberiorem
382 2077 575 2130 loquendi
614 2092 727 2116 usum
773 2079 915 2123 dedit,
955 2084 1000 2116 ut

108 2148 323 2186 Sallustius
353 2148 459 2185 Hist.

110 2218 361 2268 navigassent
374 2246 385 2261 ,

509 2147 579 2185 lib.
607 2163 632 2185 1.
668 2152 709 2186 et
734 2148 784 2185 de
812 2147 894 2193 his,
933 2149 1000 2200 qui

431 2222 471 2254 et
508 2217 558 2254 de
607 2218 703 2268 ipsis
744 2217 909 2255 navibus
952 2232 1000 2255 eo

109 2284 165 2338 (p.
190 2283 312 2327 455.)
352 2287 472 2324 verbo
506 2287 565 2324 uti
599 2287 745 2332 voluit,
782 2287 822 2324 in
857 2287 1000 2340 quibus

110 2408 145 2432 20
173 2397 337 2441 Squalere
363 2396 456 2428 Gell.
482 2396 518 2432 2,
536 2395 573 2434 6,
590 2396 755 2429 20-25,
785 2397 844 2428 sed
871 2408 936 2429 om.
960 2399 999 2434 L,

112 2454 220 2495 princ.
244 2465 310 2494 qua
337 2454 494 2496 squalere
526 2452 644 2484 1480.
669 2453 740 2485 AJ.
766 2454 941 2497 Vz'rqilius
965 2465 1000 2495 p,

110 2508 203 2545 519,
227 2508 289 2540 25.
310 2508 403 2547 404,
427 2508 486 2540 14.
511 2509 701 2553 1·.·perM.
729 2510 787 2539 xi:
810 2514 842 2540 et
865 2515 937 2539 tun.
959 2509 1000 2545 L,

110 2565 220 2607 princ.
257 2565 386 2595 Accius
416 2565 506 2596 Geli
529 2564 565 2601 2,
590 2564 626 2601 6,
657 2564 719 2596 25
742 2576 904 2609 squamae
923 2564 999 2596 JM.

111 2618 158 2663 (p.
172 2619 266 2652 455.
271 2616 283 2656 )
297 2621 476 2665 squalidae
495 2621 561 2663 ch
565 2633 630 2653 oss.
644 2620 770 2652 Bothe
790 2620 832 2651 de
850 2620 1002 2651 Sertorio

112 2676 180 2719 ch‚
213 2676 350 2718 problll.
371 2677 467 2709 Gell.
497 2676 559 2711 10
585 2676 648 2710 26
675 2676 815 2718 0.p0st
833 2681 931 2707 aestu
954 2687 1002 2707 se-

109 2732 218 2763 cundo
244 2732 412 2763 excidisse
427 2732 552 2775 furtim
565 2739 626 2763 aut
640 2730 713 2775 (sur
719 2734 765 2763 (ἰι
759 2744 855 2774 aque
866 2731 1002 2771 Carrio,

107 2789 231 2831 furtim
254 2789 341 2819 abiit
360 2784 469 2830 LiPS.)
495 2789 669 2820 eeleritate
694 2789 806 2819 vilare
833 2788 1003 2831 proelium

111 2846 144 2875 in
172 2849 389 2887 transgressa
421 2850 560 2876 conatus
584 2850 634 2875 est
665 2844 839 2888 chentin.
863 2843 1000 2876 Carrio.

111 2900 205 2942 Lips.
227 2901 287 2942 qui
308 2899 420 2931 om.J.
441 2900 520 2942 quin
537 2899 576 2931 L.
592 2900 636 2931 A.
660 2905 890 2943 transqresxos
908 2898 997 2931 Gell-

1850 156 1939 193 307

1055 268 1199 319 gradus
1230 281 1310 304 non
1340 266 1410 303 sit:
1446 265 1496 303 de
1526 265 1681 304 Sertio:
1715 269 1855 302 nactus
1879 264 1941 302 ob-

1769 333 1831 372 Ac
1849 333 1942 370 inde

1184 412 1453 457 transqressos
1495 416 1623 441 omnes
1662 403 1799 457 recipit
1835 415 1944 440 mons

1054 350 1207 374 scuram
1229 341 1390 380 noctem,
1413 341 1525 373 aesta
1546 335 1728 372 secundo.

1057 407 1142 458 qui:

1053 481 1287 527 praeceptus
1308 488 1334 511 a
1352 474 1568 511 Lusitanis.
1604 473 1716 511 Alibi
1742 474 1792 511 de
1812 473 1943 511 scafis:

1056 557 1191 582 earum
1207 544 1310 581 aliae
1321 544 1483 597 paulum
1504 545 1619 580 nimio
1635 556 1866 596 proqressae
1885 543 1945 580 in-

1056 620 1118 652 ter
1145 628 1231 651 cum
1253 615 1351 651 sicco
1373 626 1504 657 onere,
1528 626 1612 650 cum
1634 626 1760 667 pavor
1782 624 1947 664 corpora

1057 685 1300 734 aqitaverat,
1335 682 1667 736 deprimebantur.
1716 681 1946 720 Lucretius:

1055 758 1266 806 praetcrea
1297 753 1407 805 pavit
1442 765 1536 797 vox,
1580 751 1757 806 facitque
1791 753 1948 805 Aspera

1057 822 1168 875 foras
1193 823 1385 875 9›·adiens
1415 822 1593 860 artheria
1625 822 1779 860 clamor.

1111 893 1267 930 Bmmm
1292 897 1403 932 recte
1430 892 1511 930 dici
1533 906 1578 929 ea
1604 892 1748 937 omnia,
1779 906 1878 944 quae
1903 899 1946 929 10

1060 964 1223 1001 haustus
1256 963 1427 1007 habent,
1455 967 1501 1000 ut
1525 962 1708 1000 animalia
1732 967 1776 999 ct
1805 967 1950 1007 terrae,

1060 1039 1104 1071 ut
1132 1034 1242 1085 virg.
1274 1034 1315 1070 in
1349 1032 1571 1071 Bucolicis:
1613 1038 1677 1069 sat
1702 1037 1824 1085 prata
1850 1031 1949 1068 bibe-

1060 1109 1167 1141 rant.
1203 1103 1352 1141 Verum
1374 1103 1609 1140 auctoritate
1632 1102 1807 1139 litterata
1832 1102 1949 1139 etiam

1061 1174 1169 1211 arida
1200 1188 1245 1210 ac
1279 1175 1384 1210 sicca
1416 1177 1479 1217 et,
1509 1171 1652 1223 quibus
1681 1171 1843 1208 haustus
1871 1185 1950 1208 non

1062 1243 1133 1287 sit,
1174 1242 1313 1280 bibere
1347 1242 1522 1292 positum
1555 1240 1787 1277 invenimus.

1060 1313 1130 1351 lib.
1165 1326 1231 1349 xi:

1061 1384 1147 1420 lata
1164 1382 1351 1434 papillam
1373 1380 1531 1424 Haesit,
1554 1380 1847 1434 virgineamque
1874 1379 1952 1417 alte

1839 1240 1949 1291 virg.

1277 1313 1394 1349 hasta
1428 1310 1498 1348 sub
1538 1316 1673 1348 exerta
1706 1311 1827 1347 donec
1860 1323 1950 1362 per-

1062 1452 1155 1490 bibit
1180 1458 1271 1489 acta
1296 1464 1485 1488 cruorem.

1116 1521 1335 1559 LunmNEM
1363 1525 1403 1558 et
1425 1532 1655 1557 AnPss'n'rUM
1681 1518 1745 1557 vel
1770 1532 1951 1556 AEMULA-

1064 1604 1218 1628 TIONEM
1245 1591 1362 1627 ctiam
1384 1589 1574 1626 honestae
1589 1589 1648 1626 rei
1663 1602 1870 1640 possumus
1893 1588 1953 1626 di-

1065 1674 1155 1698 cere
1169 1688 1179 1704 ,
1204 1664 1249 1696 ut
1274 1660 1325 1695 sit
1346 1658 1471 1695 libido
1493 1671 1623 1703 omne,
1649 1657 1757 1709 quod
1778 1658 1952 1697 libuerit.

1063 1729 1277 1766 Sallustius
1305 1729 1344 1764 in
1370 1727 1566 1764 Catilinae
1592 1727 1722 1764 bello:
1753 1730 1954 1782 magisque

1063 1800 1105 1835 in
1130 1798 1281 1835 decoris
1304 1798 1426 1834 armis
1446 1803 1482 1833 et
1499 1797 1727 1834 militaribus
1750 1799 1871 1850 equis,
1905 1805 1951 1835 20

1063 1881 1181 1922 qaam
1219 1868 1260 1903 in
1287 1867 1427 1903 scortis
1455 1872 1575 1919 atque
1603 1866 1785 1903 conviviis
1816 1866 1954 1904 labidi-

1063 1951 1151 1975 nem
1182 1936 1390 1974 habebant.

1117 2006 1217 2052 Usu,
1246 2006 1287 2043 id
1310 2010 1371 2043 est
1389 2005 1538 2042 utendo
1559 2001 1680 2049 (unde
1705 2010 1745 2042 et
1763 2019 1954 2056 usurpare

1065 2078 1213 2115 dictum
1235 2080 1295 2113 est
1314 2076 1495 2127 optinere
1512 2075 1725 2126 quidquam
1745 2075 1873 2126 possit
1888 2088 1954 2113 ve-

1067 2152 1174 2184 teres
1206 2141 1296 2192 usu)
1329 2146 1479 2197 perire,
1511 2145 1587 2181 hoc
1613 2150 1774 2182 estnon
1805 2145 1955 2182 utendo

1067 2217 1218 2268 aliquid
1241 2229 1373 2267 posse.
1416 2214 1582 2252 Plautus
1607 2214 1871 2267 Amfitryonct
1901 2220 1958 2252 est

1064 2286 1261 2340 profecto:
1289 2285 1456 2329 cavcsis,
1483 2298 1532 2321 ne
1556 2290 1598 2321 ta
1623 2289 1661 2321 te
1688 2297 1762 2322 usn
1781 2285 1956 2338 per-duis:

1071 2396 1144 2434 10,
1167 2395 1231 2432 26,
1258 2394 1293 2426 5.
1310 2406 1375 2425 rec.
1396 2393 1510 2424 modos
1531 2392 1648 2424 1485.
1670 2393 1740 2424 AJ.
1759 2398 1956 2437 praecepta,

1067 2463 1127 2483 rus
1150 2452 1215 2486 W,
1237 2450 1381 2486 antell¹13
1408 2450 1513 2480 etiam
1537 2449 1572 2480 in
1593 2450 1621 2480 L
1644 2461 1684 2479 ra
1712 2460 1881 2492 superscr.
1906 2461 1958 2480 ea-

1066 2519 1141 2538 rum
1166 2508 1257 2538 aliae
1276 2506 1369 2539 Gell.
1388 2504 1447 2541 10,
1467 2503 1532 2540 26,
1555 2504 1614 2536 10.
1633 2506 1889 2548 paulumproq.
1909 2505 1959 2536 ηἰ-

1067 2563 1132 2595 mio
1157 2564 1259 2594 simul
1282 2568 1316 2594 et
1343 2563 1470 2593 incerto
1495 2573 1592 2593 onere
1614 2560 1957 2603 lugJ,pr0bM.1'n-

1068 2620 1165 2650 terim
1191 2620 1280 2650 sicco
1303 2617 1377 2650 AJ.
1412 2617 1594 2649 Lucretius
1626 2617 1718 2649 Gell.
1746 2616 1806 2649 10
1834 2616 1898 2653 26,
1923 2615 1947 2648 9

1064 2681 1203 2719 praeter
1225 2675 1321 2706 radit
1343 2675 1431 2705 enim
1453 2685 1520 2706 vox
1536 2674 1659 2717 fauces
1683 2685 1781 2716 saepe
1803 2674 1961 2717 facitque

1067 2731 1259 2775 Asperiora
1279 2730 1454 2773 chcntin.
1468 2731 1520 2763 M.
1545 2731 1646 2774 pavit
1667 2741 1725 2761 vos
1744 2731 1809 2761 W.
1833 2730 1894 2760 sub
1927 2740 1959 2765 ιο

1067 2793 1217 2818 exertam
1242 2786 1352 2818 AJM.
1376 2785 1563 2817 lubidinem
1592 2784 1713 2816 habent
1739 2786 1801 2822 XV,
1824 2786 1902 2816 edd.
1925 2796 1959 2820 20

1068 2846 1208 2885 practer
1231 2842 1340 2883 princ.
1359 2841 1501 2878 dictmn,
1523 2840 1582 2872 hoc
1601 2847 1648 2871 est
1662 2853 1689 2871 o.
1703 2853 1732 2883 q.
1749 2841 1960 2883 possessione

1069 2899 1173 2929 ιΨΙι-νῖ
1193 2903 1223 2927 cr
1247 2909 1308 2927 usu
1329 2897 1409 2938 va.
1435 2898 1548 2934 posui!
1568 2909 1697 2939 quoquc·
1724 2901 1873 2927 vetustae
1889 2895 1958 2926 AJ-
