2174 3267
269 205 391 234 xxxn

268 307 448 371 generis
499 321 598 350 esse
647 299 855 347 videntur
902 297 1122 345 editiones
1158 300 1427 364 Augustana
1476 319 1514 346 a-
1556 299 1687 346 1521
1729 300 1806 346 sol.
1842 318 1941 346 cum
1978 318 2096 346 eom-

268 388 488 435 mentario
523 384 680 430 Iacobi
702 382 915 441 Loeber,
951 390 996 429 et
1028 383 1235 427 Parisina
1269 401 1303 429 s.
1339 402 1377 429 a.
1412 402 1495 447 per
1528 384 1746 429 Ioannem
1781 383 1994 429 Laliseau
2028 381 2100 428 [ιο

268 470 362 514 Eas
397 466 549 511 videre
585 484 677 511 non
714 465 917 527 contigit.
986 463 1252 527 Sequuntur
1285 465 1562 511 Basilienses
1609 466 1831 528 Hervagii
1878 464 2098 511 editiones

268 568 306 594 a.
344 546 497 593 1555.
535 545 690 593 1556.
726 543 880 591 1549.
927 562 1026 608 quie
1076 550 1181 606 post
1216 545 1452 609 Hyginum
1497 545 1702 608 aliosque
1736 544 2099 608 mythographos

267 629 561 693 Fulgentium
592 644 775 691 quoque
811 628 1056 672 continent.
1123 626 1300 670 Harum
1325 629 1521 671 omnium
1548 626 1723 672 indoles
1759 633 1828 671 cst
1861 625 2100 680 simillima,

270 729 370 757 eum
406 710 547 756 altera
583 710 770 755 alteram
804 710 991 767 referat,
1027 709 1102 752 vix
1135 709 1290 770 paucis
1325 708 1484 755 litteris
1521 709 1592 754 hie
1624 709 1714 754 illic
1748 709 1942 753 mutatis.
2003 706 2101 753 Sed

270 793 452 838 omnino
489 791 715 837 diversum
751 798 820 836 est
855 788 965 834 illud
1002 788 1274 850 exemplum,
1309 789 1433 852 quod
1470 791 1713 835 Perottino
1759 790 1940 852 corpori
1972 789 2101 834 Basi-

270 875 434 920 lienscs
481 874 769 929 adiecerunt,
827 870 966 916 Curio
1019 886 1057 913 a.
1097 867 1265 929 1552,
1313 870 1542 916 Valderus
1589 888 1628 916 a.
1674 869 1827 916 1556.
1894 869 2013 915 Nam
2059 876 2104 915 ct

270 956 503 1018 Fulgentii
555 970 719 998 nomen
767 958 812 996 et
858 967 951 995 non
998 966 1142 1011 pauca
1191 950 1306 1008 alia,
1357 950 1495 995 eredo
1544 951 1590 994 in
1640 950 1885 1013 exemplari
1932 952 2102 1013 scripto

272 1037 540 1094 desiderata,
580 1034 726 1080 editor
760 1034 921 1078 omisit.
991 1031 1211 1095 Sequitur
1248 1031 1510 1077 Hadrianus
1544 1033 1717 1091 Iunius,
1763 1035 1840 1096 qui
1874 1033 1930 1078 ab
1967 1050 2104 1095 appa-

271 1125 372 1164 ratu
407 1119 561 1164 critico
597 1134 690 1162 non
725 1115 1121 1172 instructissimus,
1158 1113 1332 1159 collatis
1368 1113 1542 1159 duabus
1578 1113 1850 1160 editionibus
1883 1113 2105 1160 Basilicu-

272 1200 424 1259 sibus,
472 1216 663 1262 quarum
709 1198 851 1243 altera
899 1214 999 1242 eum
1035 1197 1224 1259 Hygino
1275 1214 1312 1241 a.
1351 1194 1520 1253 1549,
1571 1196 1712 1242 altera
1763 1214 1863 1242 eum
1907 1198 2103 1243 Perotto

274 1285 513 1329 coniuncta
565 1288 659 1339 est,
706 1281 901 1326 fortasse
951 1280 1083 1324 etiam
1129 1280 1333 1341 inspecto
1381 1296 1708 1342 nonnunquam
1743 1277 1898 1324 codice
1934 1279 2104 1340 scripto

274 1363 444 1427 aliquo,
476 1362 678 1408 libellum
715 1360 970 1407 emendavit
1003 1359 1205 1421 plurimis
1240 1359 1368 1418 loeis,
1401 1360 1482 1405 sed
1516 1378 1607 1405 non
1642 1361 1788 1404 minus
1812 1376 1932 1421 saepe
1955 1376 2105 1417 emen-

276 1443 560 1502 dationibus,
615 1460 727 1506 quas
775 1441 956 1505 quidem
1003 1440 1077 1486 ille
1124 1440 1340 1503 putabat,
1387 1439 1573 1485 fwdavit
1620 1440 1913 1486 alienissimis.
1988 1439 2107 1485 Iunii

275 1525 531 1588 exemplum
564 1525 840 1587 posteriores
875 1522 1211 1583 repetiverunt,
1259 1539 1452 1583 quorum
1486 1516 1805 1566 memorandus
1851 1527 1920 1566 est
1952 1520 2106 1565 Bona-

274 1615 464 1654 ventnra
499 1607 749 1654 Vulcanius
803 1600 986 1662 (Isidori
1031 1603 1248 1665 Origines
1299 1609 1343 1647 et
1387 1603 1649 1648 Marcianus
1699 1601 1915 1664 Capella,
1965 1601 2106 1647 Basil.

276 1686 448 1749 1577.)
493 1696 738 1751 propterea
786 1686 910 1750 quod
952 1687 1168 1747 seriptum
1214 1684 1414 1731 codicem
1457 1693 1616 1731 nactus
1660 1685 1840 1731 Isidoro
1880 1702 2105 1731 annexum

274 1771 492 1816 lectiones
540 1788 595 1816 ex
643 1787 696 1815 eo
735 1775 972 1829 excerptas
1007 1768 1259 1828 proposuit.
1328 1767 1415 1809 His
1451 1768 1677 1828 excerptis
1714 1773 1786 1824 et,
1818 1774 1868 1811 ut
1912 1765 2105 1824 videtur,

275 1851 419 1897 altero
457 1851 655 1915 quodam
690 1850 937 1912 exemplari
981 1849 1127 1894 Iosias
1162 1848 1400 1895 Mereerus
1446 1847 1598 1893 sobrie
1647 1865 1753 1893 usus
1793 1847 1933 1894 multa
1979 1850 2106 1894 resti-

277 1937 374 1993 tuit,
410 1934 492 1980 sed
528 1934 633 1979 dum
667 1934 798 1978 Iunio
836 1933 965 1977 nimis
999 1932 1170 1993 parcit,
1221 1948 1313 1976 non
1348 1947 1504 1992 parem
1538 1929 1716 1974 laudem
1749 1932 1933 1975 meritus
1970 1937 2106 1992 atque

276 2017 321 2059 in
354 2016 519 2061 Nonio.
587 2016 785 2061 Mereeri
820 2014 1062 2060 editionem
1108 2011 1302 2057 fideliter
1335 2017 1718 2073 repraesentarunt
1749 2011 2028 2057 Munelzerus
2062 2019 2107 2057 et

277 2097 573 2156 Staverenus,
607 2096 962 2160 Mythographis
996 2097 1087 2139 suis
1125 2096 1402 2152 inserentes,
1436 2093 1516 2139 sed
1550 2100 1741 2156 uterque
1779 2092 1834 2139 de
1867 2110 1917 2139 re
1954 2094 2106 2138 critica

277 2180 394 2226 bene
429 2181 592 2224 meruit
626 2177 914 2223 subiiciendis
950 2176 1168 2222 librorum
1195 2177 1467 2237 scriptorum
1490 2173 1820 2220 collationibus.
1886 2175 1950 2219 Et
1970 2175 2106 2221 Mun-

279 2264 437 2310 chorus
473 2263 653 2325 quidem
698 2264 894 2308 excussit
937 2261 1223 2307 membranas
1271 2258 1556 2304 bibliothecae
1590 2257 1829 2304 Leidensis
1863 2258 2106 2303 vetustissi-

279 2363 390 2404 mas,
424 2345 558 2391 hodie
593 2362 780 2390 numero
818 2342 921 2388 155
957 2343 1206 2400 distinctas,
1242 2337 1404 2400 (Catal.
1430 2339 1536 2384 bibl.
1555 2339 1685 2385 Leid.
1718 2338 1873 2386 1716.
1905 2335 2104 2401 p.550.)

279 2428 558 2475 Staverenus
588 2428 716 2490 plura
753 2426 951 2471 subsidia
988 2425 1043 2470 ad
1079 2443 1259 2470 manum
1292 2422 1473 2481 habuit,
1522 2422 1603 2467 sed
1646 2439 1731 2484 pro
1776 2420 1984 2467 socordia
2024 2437 2104 2465 sua

280 2510 334 2556 dc
371 2509 647 2572 compendiis
684 2509 813 2555 Leid.
856 2508 983 2554 Voss.
1017 2508 1129 2554 Ere.
1164 2508 1220 2552 E.
1253 2505 1361 2551 nihil
1398 2505 1578 2563 docuit,
1626 2512 1674 2549 ut
1709 2505 1909 2562 nescias,
1955 2510 2104 2548 utrum

280 2600 495 2656 quattuor
531 2609 588 2636 an
621 2598 714 2635 tres
750 2590 890 2635 libros
925 2589 1130 2635 indicarit
1177 2595 1220 2633 et
1254 2586 1494 2632 Leidensis
1540 2585 1715 2631 idemne
1757 2587 1813 2631 sit
1860 2586 1936 2648 qui
1970 2585 2103 2630 Mun-

280 2675 416 2733 clteri,
462 2692 519 2719 an
555 2672 679 2717 alius.
748 2672 903 2729 Quare
948 2687 1030 2715 nos
1076 2669 1217 2715 relata
1261 2665 1455 2711 fideliter
1502 2667 1672 2712 referre
1719 2664 1953 2711 debuimus
1995 2667 2103 2710 satis

280 2756 462 2801 babere.
528 2753 767 2800 videndus
814 2761 964 2798 tamen
1010 2751 1154 2798 Catal.
1203 2747 1310 2795 bibl.
1356 2747 1486 2794 Leid.
1535 2766 1578 2810 p.
1618 2744 1736 2793 575.
1787 2764 1883 2793 nro.
1928 2745 2010 2792 96.
2059 2755 2104 2793 et

280 2857 323 2901 p.
357 2836 476 2883 400.
512 2853 608 2882 nro.
646 2834 726 2881 11.
