2174 3267
673 1204 1196 1271 menonem,

37 1325 152 1383 QUI
185 1326 253 1371 IN
280 1327 775 1376 ADNOTATIONE
807 1327 1081 1376 GRITICA
1112 1328 1460 1376 BREvlTER
1494 1329 1855 1378 MEMORAN-

554 1429 707 1486 TUR,
741 1428 1008 1476 leCEs
1043 1429 1335 1477 INTEGRI.

845 1609 1021 1621 ,-,,.

8 1777 12 1780 ·
37 1752 187 1790 Valens
216 1754 484 1794 Aeidalius
512 1758 551 1794 in
580 1757 766 1796 Plautum
795 1757 1057 1796 divinationes
1087 1762 1126 1795 et
1153 1758 1525 1808 interpretationes,
1556 1758 1661 1808 apud
1697 1755 1857 1795 Gruter.

140 1824 278 1876 Lamp.
307 1830 334 1862 t.
364 1825 435 1862 VI.

36 1896 130 1933 Ant.
168 1894 483 1944 Augustinus
521 1894 739 1943 fragmenta
777 1893 1052 1931 historicorum
1091 1893 1279 1938 collem,
1316 1894 1521 1931 emendata
1559 1909 1578 1931 a
1616 1893 1661 1930 F.
1697 1892 1858 1934 Ursino.

142 1964 261 2002 Antv.
294 1961 424 2000 1595.

41 2033 161 2085 Casp.
189 2031 440 2070 Barthius
469 2032 780 2070 adversariorum
808 2032 901 2070 libri
928 2032 1019 2079 LX,
1044 2032 1225 2070 Francos.
1258 2032 1388 2070 1624.
1419 2034 1486 2071 fol.

38 2103 196 2142 Theod.
224 2101 389 2153 Bergk
419 2102 715 2140 emendationes
728 2103 968 2152 tragicorum
980 2101 1225 2148 Latinorum²
1247 2102 1513 2142 Rheinisehes
1526 2102 1710 2141 Museum
1728 2101 1858 2141 1855.

38 2175 117 2213 Iae.
143 2173 461 2224 Bongarsius
491 2174 539 2210 ad
566 2173 776 2220 Iustinum,
805 2173 931 2212 Paris.
964 2172 1093 2211 1581.
1124 2179 1163 2212 et
1192 2175 1297 2226 apud
1326 2174 1451 2212 Mere.
1486 2174 1522 2211 1.

38 2245 84 2283 F.
111 2245 269 2284 Bothe
297 2248 504 2295 poetarum
532 2244 775 2282 scenicorum
802 2244 1032 2294 fragmenta,
1060 2243 1264 2283 Halberst.
1295 2243 1426 2282 1825.
1459 2241 1591 2281 1824.
1622 2240 1770 2289 (Bothe
1800 2240 1856 2288 1.)

142 2314 244 2352 idem
297 2313 592 2351 emendationes
619 2312 822 2359 Nouianae,
850 2311 1114 2352 Rheinisehes
1142 2312 1325 2351 Museum
1356 2312 1487 2351 1857.
1516 2312 1664 2361 (Bothe
1694 2310 1752 2359 2.)

40 2382 148 2422 Guil.
178 2383 428 2422 canterus
456 2397 567 2422 novae
594 2384 803 2429 lectiones,
831 2383 932 2435 apud
963 2381 1121 2422 Gruter.
1149 2382 1287 2435 Lamp.
1316 2388 1343 2421 t.
1372 2383 1451 2422 111.

39 2453 141 2493 Lud.
169 2454 347 2493 Carrio
375 2455 544 2507 antiquae
570 2454 763 2493 lectiones
791 2459 829 2491 et
857 2453 1149 2492 emendationes
1178 2459 1218 2492 et
1235 2454 1544 2500 ohservationes,
1565 2452 1670 2504 apud
1699 2452 1856 2492 Gruter.

146 2524 286 2577 Lamp.
314 2530 342 2563 t.
371 2525 448 2563 ΙΙΙ.

42 2594 95 2633 Is.
125 2593 452 2632 casaubonus
481 2595 587 2646 apud
614 2594 763 2632 Dusam
792 2593 842 2631 ad
868 2592 1073 2632 Lucilium.

42 2664 103 2702 Io.
132 2663 362 2702 Gauehus
390 2664 428 2701 in
458 2663 519 2701 ed.
548 2663 665 2701 Iunii.

42 2735 154 2773 Hier.
184 2734 428 2773 Columna
457 2735 507 2773 ad
534 2734 654 2773 Ennii
680 2735 914 2786 fragmenta,
942 2737 1067 2785 repet.
1096 2732 1261 2771 Amstel.
1292 2729 1422 2771 1707.
1451 2732 1492 2770 4.

42 2804 122 2843 lae.
151 2803 384 2843 Cuiaeius
410 2804 726 2844 observationum
751 2803 845 2842 libri
872 2802 950 2849 XI,
975 2802 1103 2853 Lugd.
1136 2799 1441 2840 1555-1‘570.
1470 2803 1539 2840 fol.

42 2873 163 2913 Mart.
193 2873 401 2913 Deli-ius
430 2871 604 2922 (Delrio)
634 2879 834 2927 syntagma
861 2873 1060 2923 tragoediae
1088 2871 1252 2919 Latinae,
1281 2874 1397 2913 Autv.
1430 2871 1560 2911 1595.
1590 2871 1629 2909 4.

43 2941 151 2982 Frid.
181 2943 380 2983 Diibner
409 2945 514 2994 apud
542 2944 759 2983 Munkium.
