2174 3267
578 157 694 195 xlll.

117 265 225 302 cules
252 270 358 302 tuam
382 264 516 300 fidem:
542 266 714 316 procella
736 264 887 317 friqicla
909 270 998 301 arte

115 334 254 371 obruat
279 334 448 370 celocem.
482 333 593 370 Idem
618 334 822 371 Virum-co:
852 339 998 370 nautae

115 405 350 455 remivaqam
382 409 533 440 movent
564 404 732 441 celocem.

122 481 164 511 10
239 473 421 510 Comum
449 478 509 510 est
531 487 654 523 genus
678 473 822 524 navigii
844 473 997 510 tardum

116 548 155 579 et
180 543 339 593 grande.
386 543 550 580 Plautus
575 544 614 580 iu
643 543 842 581 Poenulo:
871 543 997 580 tardi·

114 624 219 655 ores,
252 625 370 666 quum
398 613 568 650 corbitae
598 619 691 650 sunt
716 614 757 649 in
785 613 998 666 tranquillo

114 681 227 717 mari.
280 681 393 718 Idem
420 682 460 718 in
492 682 646 719 eadem:
687 688 839 719 obsecro
869 682 999 719 hercle

113 763 269 802 operam
304 752 463 788 celocem
500 751 602 788 hanc
629 751 739 794 mihi,
775 765 846 788 nec
876 751 997 788 corbi-

113 825 192 856 tam
221 821 328 857 date.
370 820 547 858 Lucilius
574 822 805 872 Satyrarum
830 820 898 858 lib.
924 835 995 857 xv:

112 890 234 927 multa
261 891 430 928 homines
449 897 634 943 portenta
661 892 702 927 in
730 890 895 928 Homeri
914 903 998 927 ver-

113 958 266 1009 sificata
310 960 495 997 flIonstra
536 967 702 1013 putant,
754 974 917 1014 quorum
956 961 998 997 in

110 1030 247 1080 primis
272 1030 498 1081 Polyfemus
523 1031 708 1067 ducentos
732 1030 891 1082 Cyclops
915 1030 997 1066 lon-

111 1112 185 1150 glus
221 1100 358 1150 pedes:
406 1105 443 1136 et
478 1113 596 1152 porro
633 1100 721 1136 huic
759 1102 882 1136 niaius
910 1100 998 1136 bac-

112 1169 290 1213 chillmn,
333 1169 460 1216 Quam
496 1170 619 1206 malus
651 1171 761 1206 navis
787 1171 828 1206 in
853 1169 1000 1206 corbita

114 1239 306 1274 maximus
330 1239 421 1276 ulla.

117 1315 163 1344 20
247 1307 386 1344 ΗΟΒΙΑ
427 1307 573 1344 dicitur
614 1308 791 1344 navicula
828 1308 999 1358 piscato-

113 1377 183 1414 ria.
226 1377 396 1414 Plautus
419 1378 458 1413 in
479 1377 687 1415 Rudente:
713 1378 843 1414 salute
872 1378 1001 1421 horia,

113 1446 217 1482 mari
246 1443 447 1497 fluctuoso.
498 1447 609 1484 Idem
645 1447 683 1483 in
721 1447 875 1484 eadem:
915 1461 1002 1484 mea

113 1528 257 1568 opera,
286 1516 487 1560 laborare,
515 1523 551 1553 et
579 1522 682 1560 rete,
706 1522 743 1553 et
773 1517 896 1553 hor-ia.

172 1586 388 1623 CEucrncs
421 1587 529 1624 navis
558 1591 618 1623 est
643 1586 790 1624 Asiana
815 1601 1000 1638 pergran-

117 1656 191 1692 dis.
237 1655 405 1693 Plautus
439 1657 478 1693 in
517 1657 675 1693 Sticho:

116 1731 200 1762 ctor
241 1727 472 1777 portitores,
518 1732 661 1779 etquae
702 1728 813 1764 navis
855 1727 1005 1762 venerit

717 1671 800 1694 cnm
836 1670 1002 1710 percun-

116 1792 183 1831 Ex
211 1796 335 1839 Asia,
371 1802 518 1848 negant
554 1798 722 1833 venisse:
765 1797 1006 1848 conspicatus

116 1878 198 1901 sum
249 1866 405 1902 interim
447 1864 676 1916 Cyreerum,
720 1879 794 1919 quo
836 1879 903 1917 eqo
950 1879 1008 1902 me

116 1936 299 1972 maiorem
336 1949 413 1972 non
447 1936 591 1973 vidisse
617 1949 766 1973 censeo.
829 1935 1007 1973 Lucilius

117 2005 347 2057 Satyrarum
378 2006 447 2043 lib.
471 2020 560 2043 vul:
601 2020 734 2043 verum
768 2006 914 2058 flumen
949 2007 1009 2043 uti

117 2080 238 2128 atque
266 2077 347 2127 ipso
381 2076 546 2113 diwrtio
578 2077 699 2127 {queis
726 2075 892 2128 pedibus
922 2089 1006 2126 cyr-

118 2158 248 2181 cerum
276 2152 481 2183 concurret
508 2146 629 2199 equis.
676 2146 789 2183 Idem
811 2146 879 2182 lib.
901 2159 1004 2182 xun:

121 2222 166 2251 30
194 2215 248 2251 ad
276 2228 403 2267 reqem
432 2217 583 2267 lngatus
606 2216 807 2259 Rhodum,
840 2213 1006 2252 Etbata-

118 2297 208 2321 uam
243 2297 290 2322 ac
322 2286 558 2336 Babylonem
584 2286 674 2330 Ibo3
717 2299 911 2336 cyrcerum
944 2298 1007 2322 su-

125 2402 156 2426 10
181 2392 249 2422 obr.
272 2390 389 2423 1480.
409 2399 486 2423 ante
510 2393 577 2424 obr.
594 2394 738 2436 Popma.
761 2399 887 2424 suntet
906 2394 941 2424 in
964 2398 1008 2425 tr.

119 2448 160 2483 L,
173 2448 284 2490 princ.
299 2448 393 2479 Idem
406 2460 440 2491 p.
457 2448 549 2487 555,
564 2448 600 2481 4.
615 2461 655 2480 ue
674 2450 842 2482 corb.JM.
861 2451 1012 2481 corbium

120 2505 187 2535 W.
214 2504 357 2536 Homero
381 2504 497 2537 1526.
518 2506 552 2537 J.
582 2507 672 2537 versi
689 2504 770 2547 ficta
784 2507 826 2540 L.
855 2507 1010 2538 versibus

119 2556 196 2597 suta
224 2559 393 2600 chruter.
417 2563 571 2593 versibus
593 2561 674 2603 ficta
689 2563 827 2605 cjssoth.
846 2562 1009 2606 Cyclopes

120 2619 201 2646 ante
212 2617 255 2647 M.
276 2622 373 2661 tonus
384 2618 487 2661 pedes
502 2617 616 2650 1480.
628 2620 763 2650 coclites
779 2626 811 2650 et
823 2619 890 2651 AJ.
905 2620 1006 2651 bacil-

121 2673 191 2701 lum
214 2673 292 2703 edd.
319 2674 399 2704 num‘
414 2674 589 2716 chDusa,
604 2675 708 2706 Voss.
738 2674 826 2706 Oria
838 2671 1004 2718 (semper)

121 2740 156 2762 20
170 2728 264 2769 ng,
282 2729 435 2762 Palmer.
459 2732 573 2762 salute
589 2731 704 2762 hor-iae
717 2731 811 2773 ng‚
824 2731 869 2763 M.
892 2732 1005 2763 labore

121 2785 170 2816 M.
192 2789 224 2814 et
243 2790 329 2814 recte
342 2785 380 2816 L.
403 2787 571 2828 Cyre-erus
586 2787 710 2828 mng.
729 2786 899 2818 Cercurus
916 2782 1004 2821 (ubi-

122 2835 200 2883 que)
219 2863 226 2869 .
243 2864 248 2869 .
263 2851 384 2879 ecquae
401 2841 508 2872 AJM.
531 2843 674 2885 flumine
692 2842 857 2885 chDusa.
879 2844 1005 2886 ligneis

124 2918 130 2924 .
149 2919 154 2925 .
170 2896 287 2939 aequis
310 2896 381 2928 AJ.
413 2896 560 2929 divortio
583 2911 750 2938 aquarum
774 2900 902 2942 Iliqnis
920 2911 952 2941 p.
978 2911 1001 2929 c.

751 157 824 194 DE
855 156 1077 195 GENERE
1108 157 1180 194 ΝΑ
1189 155 1487 194 VIGIORUM.

1856 150 1947 191 565

1061 278 1175 301 mum.
1208 264 1372 301 Plautus
1390 263 1637 301 Mercatore:
1668 259 1853 309 aedificat
1876 272 1947 296 ua-

1061 347 1144 371 vem
1177 347 1399 384 cyrcerum,
1436 337 1474 369 et
1504 343 1649 368 merces
1681 330 1784 367 emit.

1114 404 1302 448 Lamnus,
1352 402 1530 439 navicula
1577 401 1709 439 brevis
1736 397 1793 451 (p.
1825 392 1948 442 554.)

1062 473 1289 524 piscatoria.
1336 472 1485 508 Accius
1518 470 1737 508 Deifoebo:
1781 483 1823 507 eo
1857 473 1950 506 ante

1062 548 1172 579 nocte
1200 547 1363 578 externa
1394 542 1496 577 retia
1531 546 1573 576 ut
1597 539 1875 592 praevelierem
1911 543 1950 575 et

1062 617 1288 654 statuerem,
1322 609 1441 646 Forte
1469 610 1672 662 aliquanto
1700 609 1834 645 solztus
1860 608 1951 644 lem-

1063 680 1107 717 bo
1137 693 1220 717 sum
1250 692 1482 733 progressus
1516 679 1682 729 longius,
1744 677 1952 729 Turpilius

1064 750 1280 788 Leucadia:
1309 749 1438 786 ortari
1463 754 1615 785 nostros
1640 749 1748 800 coepi
1773 747 1871 791 ilico,
1904 746 1955 784 Ut

1064 821 1232 857 celerent
1268 819 1440 856 lembum.
1484 819 1596 856 Idem
1625 817 1805 855 Lemnis:
1842 816 1956 853 lembi

1064 891 1272 928 redeuntes
1304 890 1456 927 domum
1483 889 1587 926 duae
1618 888 1675 925 ad
1702 900 1773 924 nos
1808 891 1953 924 certam

1064 960 1342 997 adcelerarunt
1367 964 1504 995 ratem.
1534 957 1646 1007 Virg.
1668 956 1815 1007 Georg.
1843 955 1914 993 lib.
1930 969 1958 992 1:

1064 1043 1181 1083 quam
1215 1030 1284 1084 qui
1310 1029 1474 1066 advorso
1505 1029 1568 1065 vix
1593 1025 1757 1077 flumine
1794 1025 1956 1064 lembum

1064 1100 1234 1150 Remiqis
1266 1098 1422 1149 subiqit.
1467 1098 1634 1136 Sisenna
1666 1097 1773 1134 Hist.
1802 1095 1873 1133 lib.
1909 1103 1953 1133 10

1065 1182 1128 1205 111:
1183 1168 1394 1205 Otacilium
1431 1167 1601 1218 leqatum
1637 1180 1722 1203 cum
1756 1164 1872 1214 scafis
1912 1177 1958 1201 ac

1063 1237 1205 1275 lembis.
1259 1236 1428 1274 Plautus
1458 1236 1710 1273 Mercatore:
1740 1235 1833 1272 dum
1863 1234 1959 1272 haec

1066 1313 1261 1360 aguntur,
1303 1305 1421 1343 lembo
1467 1305 1674 1342 advehitur
1714 1310 1806 1342 tuus
1842 1309 1960 1357 pater

1063 1376 1262 1429 paxillulo.

1122 1446 1327 1483 MYorAno
1355 1450 1415 1482 est
1439 1445 1618 1482 navicula
1643 1444 1871 1495 piratarum.
1900 1442 1958 1480 M.

1069 1516 1231 1554 Tullius
1256 1515 1304 1552 de
1324 1514 1386 1552 Re
1407 1514 1568 1565 publica
1588 1513 1657 1550 lib.
1676 1528 1739 1551 111:
1763 1526 1855 1550 nam
1875 1527 1960 1551 cum

1069 1591 1331 1640 quaereretur
1356 1598 1404 1621 ex
1430 1598 1486 1629 eo,
1516 1598 1592 1637 quo
1615 1584 1758 1621 scelere
1782 1583 1960 1637 inpulsus

1069 1669 1177 1693 mare
1202 1655 1361 1692 haberet
1386 1653 1569 1701 infestum
1597 1667 1672 1690 uno
1697 1651 1959 1706 myoparone?

1070 1726 1222 1769 eodem,
1266 1726 1414 1778 inquit,
1456 1738 1531 1778 quo
1569 1729 1613 1761 tu
1644 1723 1772 1760 orbem
1811 1729 1957 1761 terrae.

1072 1795 1287 1833 Sallustius
1319 1794 1423 1830 Hist.
1449 1793 1516 1830 lib.
1535 1807 1594 1830 111:
1625 1799 1663 1830 et
1684 1793 1788 1843 sorte
1820 1793 1861 1829 in
1889 1805 1961 1828 na—

1071 1865 1239 1918 vigando
1263 1864 1397 1902 cohors
1422 1877 1503 1900 una
1523 1862 1674 1915 ⁴qrandi
1698 1861 1822 1910 faselo
1851 1867 1959 1899 vecta

1073 1949 1097 1973 a
1123 1937 1260 1972 ceteris
1292 1935 1509 1977 deerravit,
1545 1934 1722 1986 marique
1756 1932 1912 1985 placido
1935 1945 1961 1969 a

1074 2005 1221 2042 duobus
1269 2004 1511 2056 praedonum
1564 2002 1864 2056 myoparonibus
1913 2010 1959 2040 20

1072 2077 1347 2112 circumventa.
1381 2074 1550 2111 Sisenna
1573 2073 1679 2110 Hist.
1695 2072 1764 2110 lib.
1782 2086 1859 2110 1111:
1889 2086 1963 2109 na-

1071 2146 1233 2199 visquae
1275 2145 1439 2195 triginta
1479 2143 1654 2186 biremis,
1691 2143 1849 2180 totidem
1885 2156 1962 2193 my·-

1074 2227 1280 2267 oparonas.

1128 2284 1326 2328 FASELus‚
1352 2283 1550 2333 navigium
1574 2281 1830 2333 Campanum.
1861 2280 1962 2319 Var-

1075 2392 1222 2423 concinit
1235 2391 1352 2434 aequis
1363 2389 1456 2433 ng‚
1465 2390 1574 2422 Busa.
1588 2390 1796 2422 Ecbatanam
1807 2389 1915 2421 AJM.
1927 2397 1963 2424 30

1074 2447 1304 2480 StunmamW.
1321 2451 1458 2483 noctem,
1469 2446 1626 2478 hesterna
1643 2444 1846 2490 cheriv.(p.
1858 2443 1964 2484 554.)

1073 2517 1132 2549 051⁰
1147 2510 1259 2535 melem
1271 2516 1303 2534 η.
1315 2503 1471 2534 hesterna
1483 2501 1646 2546 chergk.
1661 2509 1812 2534 extrema
1821 2502 1963 2539 J‚Voss.

1074 2567 1199 2592 noctem
1225 2565 1406 2591 extremam
1424 2560 1477 2591 vel
1496 2566 1622 2591 noctem
1645 2566 1784 2591 extenta
1803 2559 1964 2602 ejBothe.

1070 2615 1284 2658 proveherem
1307 2620 1388 2653 aute
1405 2616 1453 2652 Μ,
1474 2616 1587 2648 Scriv-
1608 2615 1733 2650 Bothe,
1750 2616 1881 2657 Bergk.
1899 2615 1963 2646 ali-

1073 2678 1217 2716 quanto,
1252 2684 1352 2716 quam
1382 2673 1446 2704 sol.
1467 2672 1508 2710 J,
1547 2673 1660 2705 Scriv.
1694 2673 1825 2715 Bergk.
1863 2672 1965 2703 solito

1071 2728 1271 2771 cherlach.
1306 2729 1489 2759 celer-arent
1513 2729 1591 2765 AJ,
1630 2729 1758 2760 Bothe.
1788 2728 1857 2760 cluo
1892 2728 1964 2761 JM.

1070 2784 1212 2816 adverso
1236 2785 1274 2819 L,
1303 2785 1381 2816 edd.
1407 2786 1576 2829 Rcmiqiis
1600 2787 1680 2817 edd.
1710 2791 1791 2817 tuus
1811 2792 1912 2829 pater
1932 2795 1965 2819 10

1072 2853 1135 2872 om.
1161 2842 1198 2871 L.
1221 2842 1423 2883 pauxillulo
1446 2842 1555 2874 AJM.
1579 2843 1630 2873 M.
1662 2842 1802 2873 Tullius
1824 2855 1858 2886 p.
1876 2839 1966 2875 125,

1074 2897 1131 2930 15,
1155 2895 1247 2933 518,
1272 2896 1331 2929 14.
1361 2898 1554 2930 Sallustius
1581 2910 1615 2940 p.
1636 2896 1729 2936 554,
1755 2895 1822 2930 26.
1851 2902 1907 2929 tot.
1930 2906 1963 2930 20
