2174 3267
583 184 680 222 ΧΠ.

120 298 262 345 putant
306 291 477 344 plurimi.
543 291 651 344 Virff.
698 293 739 330 in
779 291 999 330 Bucolicis:

120 376 298 401 vunneros
345 364 517 406 memini,
564 363 599 399 si
640 362 758 400 verba
815 368 998 399 tenerem.

121 433 193 471 Et:
223 433 394 470 alternos
405 431 551 470 Musae
570 433 787 470 meminisse
809 431 999 468 volebant.

807 501 903 555 quid
926 500 1004 551 fuit

120 574 161 610 in
194 571 398 610 Graccho?
442 585 554 626 quem
582 578 625 609 tu
648 572 804 615 metim,
845 570 1003 613 Catule,

121 503 264 541 Cicero
300 503 350 540 de
384 501 556 541 Oratore
588 502 656 540 lib.
684 516 750 540 111:

121 643 347 686 meministi,
385 642 490 695 quod
518 655 576 679 me
604 655 726 692 puero
751 646 862 678 tanto
892 652 1004 692 opere

119 710 307 759 ferretur.

124 789 170 819 20
236 781 414 818 Tenum
450 785 490 818 et
524 793 678 818 Tunius
711 780 903 817 diversam
939 792 1005 816 vo-

862 855 906 887 nt
957 849 1008 885 sit

123 921 267 960 turha
292 921 433 973 populi
460 925 696 966 conventus,
727 926 744 956 t
754 918 839 957 urb
853 933 871 956 a
883 933 903 955 e
926 924 1007 956 tur-

121 853 208 890 lunt
261 851 408 890 habere
458 851 808 900 significationem,

123 991 316 1029 bationes.
345 989 429 1028 Nos
455 994 596 1028 contra
620 989 769 1027 lectum
790 989 1009 1025 invenimus

125 1066 166 1099 et
186 1061 402 1098 indiscrete
426 1060 598 1111 positum
624 1064 665 1097 et
686 1073 760 1110 pro
783 1058 909 1096 {urhis
930 1063 1010 1095 tur-

123 1130 228 1169 bam.
255 1129 402 1168 Accius
419 1129 657 1166 Adamante:
685 1141 739 1165 an
760 1127 918 1165 dubito?
943 1128 1010 1172 Ιια,

126 1200 224 1254 quid
243 1198 358 1250 nqis?
387 1211 493 1241 cave,
520 1211 570 1234 ne
597 1200 638 1235 in,
662 1197 814 1235 turbam
837 1204 875 1234 te
896 1198 1010 1250 inpli-

125 1271 192 1307 cis.
234 1268 346 1305 Idem
371 1268 597 1306 Stasiastris
626 1268 690 1305 vel
716 1268 901 1318 Tropeoz
933 1281 1012 1304 non

125 1339 246 1381 vides,
269 1350 388 1391 quam
410 1337 578 1382 turbam,
604 1343 771 1391 qucmtos
791 1337 851 1374 vel
869 1336 1012 1389 fluctus

127 1407 319 1446 concites?
364 1407 576 1458 Turpilius
603 1406 870 1458 Trasyleone:
904 1420 1013 1443 nemo

128 1491 310 1532 umquam
323 1478 421 1515 vidit
435 1477 582 1515 ebrium
598 1478 656 1514 ire
670 1478 856 1520 interdiu,
874 1477 1015 1529 Neque

128 1547 281 1586 turbam
294 1547 442 1599 fucere,
462 1561 588 1602 neque
602 1547 707 1598 fores
725 1546 915 1584 exurere?
935 1547 1014 1584 Te-

133 1626 150 1655 3
159 1626 178 1656 O
194 1618 347 1655 rentius
362 1618 401 1655 in
413 1617 624 1655 Eunucho:
637 1631 686 1654 ne
698 1630 816 1670 quam
829 1617 892 1653 ille
904 1616 1016 1654 bodie

130 1689 293 1725 insmius
333 1687 486 1725 turbam
529 1686 652 1737 faciat
685 1699 821 1724 {naisum
860 1686 1015 1723 Tahidi.

131 1757 188 1794 M.
209 1756 367 1794 Tullius
389 1757 438 1794 de
464 1757 703 1794 Senectute:
735 1769 817 1793 cum
840 1756 881 1792 iu
910 1757 1018 1793 illum

132 1828 304 1866 divinum
344 1828 561 1865 animorum
611 1826 810 1864 concilium
854 1831 1018 1862 coetum-

133 1910 208 1951 que
235 1894 486 1950 proficiscar,
529 1909 690 1949 cumque
722 1909 769 1932 ex
797 1895 870 1932 buc
904 1895 1020 1932 turbu

135 1964 190 2018 (p.
211 1961 334 2011 525.)
359 1971 394 2003 ct
419 1966 642 2003 conluvione
656 1965 875 2002 discedam!
902 1964 1019 2002 Plau-

134 2041 197 2073 tus
226 2036 266 2072 iu
288 2034 513 2073 Aulularia:
551 2035 666 2072 redeo
696 2035 815 2078 intro,
845 2048 894 2071 ne
926 2035 1022 2089 quid

135 2106 197 2143 hic
236 2105 374 2142 turbae
408 2104 492 2154 fiat.

136 2176 275 2213 mirum
311 2175 430 2218 adeo,
479 2175 559 2211 nisi
590 2172 718 2221 frater
757 2174 863 2211 domi
895 2173 1022 2211 ebrius

551 2104 751 2142 Caecilius
782 2104 822 2141 in
857 2104 1019 2141 Imbris:

137 2244 290 2283 turbam
322 2244 497 2298 aliquam
530 2243 651 2280 dedit.

189 2315 421 2353 DEMENSUM
461 2312 678 2350 Terentius
720 2312 760 2348 in
807 2311 1021 2349 Formione

142 2384 253 2436 quasi
281 2383 523 2421 deminutum
551 2382 701 2434 posuit:
733 2381 837 2435 quod
861 2381 924 2418 ille
950 2396 1021 2418 un-

141 2454 271 2491 ciatim
307 2455 370 2490 vix
406 2452 584 2490 demenso
613 2464 704 2495 suo,
734 2450 855 2488 Suum
885 2450 1020 2502 defru-

143 2537 267 2568 tionem
278 2537 346 2567 VV-
363 2535 408 2566 ah
423 2535 541 2567 dubito
563 2533 680 2566 1526.
693 2534 729 2566 J.
749 2534 831 2565 Ῐιαυί
851 2536 903 2567 vcl
920 2542 954 2567 ut
969 2537 1029 2567 du-

145 2593 214 2623 bito
237 2591 397 2635 chothc.
424 2591 467 2622 ηΙι
491 2592 575 2634 quid
591 2590 708 2623 1480.
725 2591 797 2629 A&
815 2591 941 2623 Bothe.
970 2593 1028 2623 im-

144 2648 251 2690 plices
264 2648 344 2679 edd.
367 2653 530 2692 quantam
543 2648 675 2679 turbam
694 2653 877 2692 quantosve
892 2651 972 2679 ante
982 2648 1028 2684 Μ,

145 2704 251 2735 Voss.
264 2715 364 2748 quam
378 2709 402 2734 t.
416 2715 539 2748 quosve
552 2704 600 2736 Μ.
619 2701 725 2742 fecere
739 2704 780 2735 L.
800 2715 952 2735 uxnrare
961 2705 1029 2736 W.

147 2769 182 2794 30
202 2756 313 2798 saciat
334 2765 394 2790 ant
418 2761 486 2791 vim.
514 2760 640 2791 Thaidi
662 2761 741 2791 cdd.
764 2764 904 2802 practer
920 2761 1028 2803 prino.

147 2810 197 2858 (p.
210 2810 457 2858 525.)cumque
468 2815 1029 2860 p.82,10.Imbri1’sBothe‚Spcn-

149 2871 213 2913 gel.
234 2871 366 2903 Umbris
381 2870 450 2902 AJ.
471 2871 648 2904 Terentius
668 2884 700 2915 p.
716 2871 780 2909 51,
794 2870 833 2903 9.
856 2871 948 2909 117,
963 2871 1028 2903 29.

147 2928 210 2958 vir
230 2926 270 2958 de
291 2927 441 2961 ‹lemenso
456 2929 503 2960 M.
524 2930 559 2961 in
571 2930 718 2962 Oratore
734 2956 738 2962 ,
753 2930 967 2963 .claborauu·
980 2929 1028 2961 Μ,

737 184 810 223 DE
841 181 1165 223 DOCTORUM
1193 180 1480 221 INDAGINE,

1857 185 1947 225 5¹59

1067 291 1168 328 dans
1191 291 1366 343 qenium,
1395 290 1589 343 conpersit
1618 290 1743 328 miser.
1804 290 1949 330 Cicero

1069 360 1118 398 de
1157 359 1330 398 Oratore
1371 360 1615 398 aestimatum
1647 360 1710 399 vel
1743 367 1949 414 aequatum

1070 430 1182 467 dicit:
1213 442 1314 483 quae
1338 442 1417 466 non
1442 442 1489 466 ex
1511 429 1688 475 insidiis,
1718 431 1789 468 sed
1817 437 1952 485 aperte

1067 499 1200 551 palam
1224 498 1412 543 elaborat,
1438 504 1482 536 ut
1504 499 1621 537 verba
1639 500 1765 538 verbis
1783 515 1878 555 qua-
1905 509 1950 540 10

1070 571 1107 606 si
1128 569 1313 606 demensa
1338 575 1375 606 et
1395 571 1513 623 paria
1535 571 1807 619 respondeant.

1125 639 1426 676 SUPERVACUUM
1443 652 1522 676 non
1543 644 1658 690 putat
1676 645 1862 691 oportere
1877 641 1956 678 dici

1073 709 1201 746 Varro
1228 708 1278 745 dc
1303 708 1380 746 vita
1402 707 1447 746 P.
1466 708 1515 746 R.
1535 709 1605 746 lib.
1621 723 1696 750 1111.
1729 710 1799 747 sed
1818 725 1954 762 super-

1075 792 1304 816 vacaneum:
1334 779 1375 815 in
1401 792 1476 832 quo
1499 784 1556 816 est
1580 791 1863 831 supervacuum
1884 794 1958 831 pro

1074 861 1374 900 supervacaneo.

1131 918 1302 957 CAECUM
1330 922 1487 956 veteres
1514 932 1588 970 pro
1616 919 1825 971 inprovido
1851 919 1959 957 dixe-

1075 992 1178 1025 runt.
1220 988 1351 1025 Varro
1374 988 1423 1026 de
1447 988 1527 1026 vita
1548 988 1594 1026 P.
1617 989 1666 1028 R.
1687 989 1755 1026 lib.
1779 1003 1855 1027 1111:
1893 1004 1959 1027 ne-

1077 1070 1151 1111 que
1191 1057 1234 1094 id
1271 1059 1378 1096 caeci
1410 1059 1584 1097 consules
1620 1059 1823 1109 fecissent,
1861 1074 1961 1115 quae

1076 1128 1267 1165 mandata
1306 1141 1458 1166 ανεαηιι
1497 1129 1541 1166 Τ.
1578 1129 1719 1181 Ampio
1757 1131 1961 1173 sedissent,

1078 1198 1230 1234 autdtvi
1257 1198 1451 1235 dicentum
1478 1198 1571 1236 GN.
1595 1198 1801 1250 llIuannm.

1129 1267 1327 1315 Quotiens
1356 1281 1430 1319 per
1459 1269 1789 1306 accusativum
1823 1283 1884 1307 ca·
1914 1278 1959 1308 20

1080 1351 1162 1374 sum
1182 1351 1306 1374 annos
1330 1337 1393 1375 vel
1415 1338 1498 1374 dies
1519 1338 1737 1390 loquimur,
1766 1339 1878 1390 iuges
1897 1354 1963 1376 an-

1079 1421 1152 1445 nos
1175 1406 1238 1444 vel
1265 1407 1351 1445 dies
1377 1408 1658 1459 significamus:
1685 1411 1870 1460 quotiens
1892 1424 1965 1461 per

1081 1477 1318 1523 dativum,
1348 1491 1422 1529 per
1456 1478 1710 1516 intervallum
1746 1480 1966 1518 interiectis

1082 1547 1280 1599 aliquibus
1308 1548 1418 1584 annis
1443 1548 1506 1586 vel
1533 1548 1685 1586 diebus.
1727 1549 1870 1602 Itaque
1898 1552 1967 1603 qui

1082 1621 1268 1668 optantes
1298 1617 1467 1655 multis
1505 1619 1642 1656 annis
1670 1620 1826 1665 dicunt,
1854 1620 1966 1657 mul-

1083 1691 1162 1723 tos
1193 1699 1343 1724 annos
1371 1687 1512 1725 melius
1535 1688 1719 1726 dixerint.
1760 1689 1870 1741 Virg.
1887 1689 1967 1728 Ge-

1084 1769 1168 1806 org.
1192 1755 1260 1792 lib.
1282 1770 1331 1792 11:
1359 1770 1450 1809 erqo
1470 1771 1548 1794 non
1574 1758 1714 1795 hiemes
1736 1759 1864 1803 illam,
1891 1773 1970 1797 non

1079 1825 1222 1879 flabra,
1242 1840 1368 1879 neque
1388 1826 1526 1864 imbres
1547 1826 1799 1873 Convellunt5
1824 1831 1970 1868 inmota.

1084 1901 1229 1940 manet,
1258 1897 1472 1950 nuiltosque
1498 1911 1570 1950 per
1602 1911 1724 1935 aninos
1752 1898 1886 1937 Multa
1914 1902 1969 1938 υἰ-

1085 1979 1171 2002 rum
1216 1965 1370 2003 volvens
1414 1967 1596 2005 durando
1636 1969 1793 2006 saecula
1835 1971 1968 2008 vincit.

1085 2034 1254 2073 Plautus
1271 2036 1522 2074 Trinummo:
1552 2039 1648 2091 quia
1667 2040 1758 2076 ruri
1776 2039 1867 2076 dum
1887 2053 1971 2077 sum

1087 2118 1154 2157 eqo
1191 2118 1288 2142 unos
1323 2118 1391 2143 sex
1424 2107 1528 2151 dies,
1560 2107 1631 2146 Me
1665 2108 1823 2146 absente
1854 2115 1976 2163 utque

1087 2176 1286 2219 insciente,
1307 2178 1522 2215 inconsulto
1543 2192 1616 2222 me,
1639 2177 1766 2215 Aedis
1786 2192 1904 2216 vena·
1925 2187 1971 2218 30
2015 2229 2018 2231 Β

1085 2244 1133 2282 Iis
1155 2245 1270 2282 hasce
1287 2242 1482 2280 inscribsit
1502 2244 1655 2281 litteris.
1688 2244 1896 2295 Turpilius
1906 2244 1974 2282 Fi-

1086 2314 1267 2365 lopatro:
1297 2327 1381 2351 ecce
1405 2319 1557 2358 autem,
1587 2320 1652 2352 tuo
1671 2327 1776 2351 more
1796 2320 1840 2351 ut
1863 2314 1975 2359 soles,

1088 2384 1219 2421 videre
1255 2383 1348 2420 milii
1374 2381 1484 2434 Eyre
1509 2385 1616 2436 pati,
1658 2384 1752 2437 quia
1787 2384 1854 2421 hos
1892 2384 1977 2421 dies

1090 2453 1352 2505 conplusculos
1375 2452 1634 2506 Intercapedo
1660 2455 1804 2506 sumpti
1820 2454 1976 2505 faciun-

1093 2549 1156 2580 pro
1172 2537 1290 2568 invido
1301 2538 1339 2574 L,
1354 2538 1464 2580 princ.
1480 2538 1629 2570 consulis
1639 2538 1703 2569 VV.
1719 2548 1821 2580 neque
1835 2548 1926 2567 man·
1947 2546 1980 2569 10

1096 2593 1180 2624 elata
1200 2593 1333 2635 chips.
1354 2593 1574 2637 Popma.qui
1595 2592 1757 2623 mandata
1775 2591 1979 2636 cjlllartyni-

1095 2650 1254 2692 Laguna.
1281 2649 1455 2681 dedissent
1484 2649 1614 2693 chips.
1640 2650 1784 2692 Popma,
1812 2649 1980 2692 Martyni-

1096 2706 1181 2749 Lag.
1207 2705 1356 2737 dedisset
1375 2704 1516 2748 choth.
1533 2705 1656 2737 mutim·
1677 2705 1840 2737 dicentem
1854 2705 1980 2748 chop-

1096 2773 1164 2794 ma.
1192 2767 1231 2792 ut
1251 2761 1511 2793 discedentem..
1531 2760 1593 2799 (sc.
1614 2758 1793 2796 retineret)
1817 2760 1982 2804 chzu-ty-

1097 2818 1154 2849 ni·
1172 2817 1259 2860 Lag.
1288 2828 1349 2860 per
1373 2817 1562 2850 ablativum
1580 2829 1642 2861 per
1663 2818 1784 2848 inter-v.
1815 2816 1932 2849 1480.
1947 2827 1983 2850 20

1097 2873 1168 2906 AJ.
1187 2874 1351 2906 dixerunt
1364 2875 1403 2907 L.
1424 2874 1571 2920 sstzicmes
1583 2873 1646 2906 W.
1664 2874 1798 2905 saeculo
1808 2874 1855 2906 Μ.
1875 2873 1986 2904 incon-

1351 2955 1356 2961 .
1376 2932 1533 2963 inscribit
1554 2929 1661 2965 AJM-
1690 2930 1868 2970 Turpilius
1890 2941 1921 2971 p.
1949 2936 1984 2959 «Ἡ»

1104 2930 1199 2962 sultu
1224 2943 1293 2962 meo
1315 2956 1319 2961 .
