2174 3267
259 132 347 173 222

257 253 343 276 cere
369 242 535 291 oportet,
568 237 707 274 litteris
730 236 909 275 imbutum
936 239 1026 275 solis
1047 240 1126 277 Mi-

253 306 423 344 nervae?
463 305 517 344 M.
546 306 701 344 Tullius
741 307 789 344 de
820 306 970 345 Officiis
1003 308 1070 345 lib.
1094 323 1125 345 1:

248 377 473 429 plerumque
507 376 629 412 dotem
658 378 878 427 parentium
911 378 1126 428 praeceptis

253 444 387 481 imbuti
414 445 468 481 ad
494 458 620 482 eorum
654 447 959 483 consuetudinem
985 459 1125 483 mores-

253 527 328 567 que
351 513 588 551 deducimur.
621 515 730 565 Virg.
758 515 826 552 lib.
847 529 926 552 vu:
947 517 1129 568 promissi

252 583 327 619 dea
357 583 467 635 sucta
502 589 652 635 potens,
690 584 755 621 ubi
777 586 963 637 sanquine
989 585 1124 621 bellum

253 651 402 690 Imbuit.

251 721 466 759 Filocteta:
504 737 586 760 cum
611 737 657 760 ex
692 724 865 776 viperino
885 736 1011 760 morsu
1031 723 1124 760 bene

452 653 632 691 Imhuere
671 658 731 690 est
767 654 934 691 inficere.
981 654 1123 692 Accius

248 792 433 828 viscerum
453 791 609 828 Veneno
625 792 768 829 imbuta
789 797 845 829 est
861 797 962 829 ete-ro
975 794 1123 830 cruciu-

246 865 310 897 tus
343 862 479 897 sciens,
528 861 618 898 Hoc
641 861 677 897 in
704 861 831 898 doctis
856 861 1123 899 intellectibus

248 928 446 966 hahemus.
487 930 628 968 Cicero
669 930 717 966 de
738 930 900 967 Finibus
934 930 1123 969 bonorum

251 1006 295 1036 30
313 999 565 1036 etmalorum:
585 999 732 1035 aceedit
746 1012 860 1043 mors,
878 1013 990 1053 quae,
1009 1000 1125 1052 quasi

250 1080 387 1104 saxum
419 1068 598 1112 Tantulo,
624 1081 773 1121 semper
804 1069 1015 1119 impendet:
1044 1075 1123 1106 tum

247 1137 339 1190 quiu
363 1138 433 1190 qui
455 1143 511 1174 est
533 1137 709 1181 imbutus,
738 1138 888 1192 quietus
909 1151 990 1175 esse
1016 1153 1122 1176 num-

246 1219 362 1260 quam
385 1212 523 1258 potest.

296 1276 407 1312 Imco
427 1275 619 1325 sig-nificat
639 1275 782 1320 statim,
802 1289 902 1313 mox.
931 1276 1121 1313 Pacuvius

248 1340 426 1396 (p.525.)
437 1345 558 1384 Medo
572 1361 579 1381 :
592 1346 749 1397 repudio
759 1347 983 1398 auspicium,
992 1359 1120 1397 reqre-

243 1414 429 1451 diundum
452 1420 507 1451 est
535 1414 631 1451 ilico.
666 1414 862 1452 Caecilius
883 1415 1120 1453 Notoninca-

244 1484 371 1520 sione:
414 1483 499 1519 ilico
537 1489 628 1520 ante
668 1483 830 1520 hostiam
863 1485 924 1521 hic
963 1485 1116 1521 erimus.

242 1553 366 1597 ΙΙίοο,
410 1553 493 1590 illo.
555 1552 761 1603 Turpilius
796 1552 1013 1590 Leucadia:
1052 1554 1122 1590 sed

243 1635 359 1676 quam
383 1622 492 1674 longe
520 1627 600 1664 est,
640 1635 723 1658 eum
746 1623 822 1659 isti.
858 1623 972 1667 Ilico,
1001 1623 1041 1658 in
1070 1635 1116 1659 eo

244 1691 345 1728 loeo.
364 1690 534 1729 Naevius
550 1691 646 1727 belli
659 1691 820 1728 Poenici
844 1691 910 1728 lib.
931 1704 988 1728 vi:
1004 1693 1118 1743 septi-

1039 1763 1116 1798 Ac-

242 1831 324 1868 cius
341 1830 558 1883 Eurysace:
577 1830 673 1873 ilico,
687 1829 858 1883 inquam,
870 1829 1021 1866 habitat
1039 1830 1117 1867 ovis

243 1775 341 1798 mum
370 1761 553 1797 decimum
580 1772 726 1796 αιιηιηη
751 1760 835 1796 ilico
853 1761 1000 1797 sedent.

241 1913 357 1954 quam
376 1902 550 1954 propiuS.
590 1900 694 1936 Hist.
722 1899 887 1936 Hemina
917 1899 984 1937 lib.
1008 1915 1039 1936 l:
1080 1905 1116 1937 et

242 1975 321 2007 tum
353 1984 427 2024 quo
461 1971 562 2006 irent
584 1969 818 2013 nesciebant,
855 1969 938 2006 ilico
966 1982 1112 2006 manse-

247 2047 289 2077 10
320 2045 425 2077 runt.
468 2039 543 2076 His
572 2039 845 2091 persuadetur,
874 2039 959 2076 ilico
984 2052 1113 2076 mane-

239 2137 378 2167 iniliare
389 2137 424 2167 in
439 2148 544 2179 marg.
560 2137 625 2168 W.
639 2141 672 2168 et
684 2137 904 2169 msVictm-iu.
919 2140 1114 2183 plerumque

239 2197 349 2221 aunem
374 2191 475 2234 Vulg.
504 2193 697 2234 parentium
710 2216 716 2223 .
729 2215 736 2222 .
753 2218 758 2223 .
775 2217 781 2224 .
794 2205 977 2237 moremque
1000 2195 1111 2226 Orell.

235 2246 313 2289 fata
352 2248 416 2278 W.

240 2304 328 2332 ciens
353 2303 384 2332 b.
409 2311 440 2332 et
463 2315 517 2333 ero
544 2303 587 2334 B.
616 2315 752 2334 venae..
768 2328 775 2335 .
789 2304 933 2335 imbutae
964 2312 1086 2337 taetro.
1102 2331 1108 2337 .

238 2359 323 2388 cient
348 2359 393 2389 cf.
420 2358 494 2390 Cic.
521 2359 599 2389 Fin.
627 2358 734 2395 229.
760 2359 912 2396 Tusc.2,
929 2361 964 2392 7.
999 2362 1045 2393 cf.
1073 2373 1106 2404 p.

237 2424 273 2448 3ο
297 2412 386 2449 521,
414 2414 437 2444 5
466 2427 538 2457 sqq.
576 2415 704 2445 accedit
728 2416 828 2446 ctiam
852 2429 958 2447 vnors.
1037 2423 1105 2448 tum

237 2466 448 2512 (pag.525.)
473 2470 668 2512 superstitio
679 2482 744 2511 qua
759 2472 818 2514 qui
833 2477 879 2502 est
906 2472 1016 2503 Orell.
1041 2474 1104 2504 No-

238 2525 292 2556 lleo
309 2527 486 2557 Nicasione
519 2524 623 2566 Vulg.
660 2523 886 2567 ἆκοντιζομένῃ
909 2528 945 2559 J.
980 2530 1048 2559 est!
1074 2530 1106 2560 h.

461 2259 569 2277 morsu
618 2248 733 2278 iulium
783 2254 906 2279 taetros
939 2251 1112 2281 cruciatus

234 2582 316 2623 quin
340 2582 432 2612 istim
454 2581 547 2612 illico
583 2581 693 2613 Bothe
720 2581 754 2613 2.
801 2583 862 2614 isti
885 2583 964 2615 ilico
988 2584 1025 2615 id
1047 2591 1108 2623 est,

235 2637 267 2666 iu
294 2649 328 2667 eo
353 2637 421 2667 loco
447 2637 490 2667 A.
516 2636 551 2666 id
575 2643 621 2666 cst
647 2638 683 2667 in
699 2639 894 2669 cumlocum
919 2640 1029 2677 luico,
1044 2642 1105 2672 illo

233 2692 303 2723 Ioco
328 2693 466 2735 ‹rjAcid.
503 2705 557 2734 ap.
585 2692 647 2723 Gr.
674 2694 737 2726 VI.
775 2708 808 2737 p.
833 2695 926 2727 465.
967 2697 1027 2728 lib.
1054 2698 1107 2729 iii.

232 2748 406 2789 septimum.
431 2760 553 2778 nvivium
578 2749 617 2779 B.
665 2750 794 2781 Novius
817 2752 862 2783 A.
888 2753 951 2783 cfr.
977 2753 1108 2783 Merula

234 2804 278 2834 ad
295 2804 382 2835 Eun.
408 2816 439 2847 p.
453 2802 542 2836 456.
579 2804 692 2836 habito
723 2806 775 2836 vis
800 2807 842 2837 Β.
880 2807 1030 2839 habitato
1053 2809 1105 2839 vis

234 2870 332 2902 quam
359 2860 502 2902 propius
537 2859 582 2892 G.
617 2860 706 2903 ng.
748 2861 909 2898 habitato,
943 2875 1106 2907 »nusquam

896 131 1103 172 NONIUS
1131 130 1462 174 MARCELLUS

1187 247 1296 284 rent3
1319 254 1415 292 pars
1439 243 1522 279 ilico
1546 248 1715 280 manent.
1756 241 1951 281 Caecilius
1974 239 2055 280 Νο-

1187 311 1476 348 thonicasione:
1504 318 1653 349 manete
1679 313 1776 350 ilico.

1240 379 1452 417 IGNosmTE
1493 385 1554 417 est
1594 382 1742 418 veniam
1789 381 1890 418 date.
1949 379 2056 429 Virg.

1187 446 1332 498 Georg.
1354 448 1420 485 lib.
1438 461 1518 485 1111:
1548 451 1778 501 iquoseenda
1794 450 1961 504 quidem,
1982 448 2055 484 sci-

1186 523 1274 554 rent
1298 518 1333 554 si
1359 519 1552 568 {queso-ere
1575 532 1718 556 manes.
1751 520 1948 570 Ignoscite
1974 530 2056 555 rur-

1187 599 1270 622 sum
1298 586 1446 623 noscite
1477 587 1538 624 vel
1565 587 1714 624 discite.
1743 587 1868 625 Varro
1882 587 2056 626 Gloriam

1185 651 1283 706 περὶ
1320 647 1515 709 φθόνους
1547 669 1686 710 vosque
1709 658 1749 693 in
1779 657 1948 700 theatro,
1992 656 2060 709 qui

1184 725 1414 762 voluntatem
1437 725 1594 762 auribus
1613 725 1703 763 Huc
1720 732 1950 777 attemptatum
1969 739 2057 763 con-

1185 795 1363 831 curristis
1378 795 1498 838 domo,
1510 796 1657 831 Adeste
1681 799 1738 831 est
1759 808 1783 831 a
1803 808 1860 831 me
1884 809 1983 848 quae
1998 795 2056 842 [ε-

1184 876 1270 900 ram
1292 863 1486 914 ignoscite,
1498 864 1659 900 Domum
1684 869 1728 900 ut
1744 863 1884 914 seratis
1900 869 1936 901 et
1952 865 2057 901 thea-

1185 939 1244 969 tro
1271 933 1434 969 litteras.

1238 1002 1337 1039 him
1367 1007 1426 1039 est
1452 1002 1523 1039 via.
1573 1001 1684 1051 Virg.
1720 1001 1784 1038 lib.
1818 1013 1879 1038 v1:
1909 1001 2055 1038 hac'20

1185 1072 1259 1108 iter
1280 1071 1454 1122 Elysium
1477 1071 1594 1108 nobis.
1628 1071 1722 1115 lter,
1750 1070 1957 1120 navigatio.
1976 1070 2056 1108 Te-

1183 1141 1332 1178 rentius
1358 1142 1397 1177 in
1416 1141 1593 1192 Hecyra:
1634 1139 1714 1176 ain’
1741 1144 1797 1183 tu,
1819 1139 1890 1176 tibi
1908 1139 1976 1176 hoc
2000 1139 2057 1175 in-

1182 1211 1411 1248 commodum
1444 1211 1610 1247 evenisse
1649 1208 1752 1246 iter?
1800 1208 1892 1246 Non
1930 1209 2057 1245 hercle

1181 1279 1318 1323 verbis,
1342 1279 1578 1322 Parmenou,
1605 1279 1685 1315 dici
1711 1284 1835 1330 potest
1876 1278 2056 1321 Tantum,

1183 1354 1369 1402 quantum
1418 1362 1458 1384 re
1503 1350 1587 1400 ipsa
1630 1348 1816 1400 navigare
1856 1350 2054 1385 incommo-

1184 1419 1274 1455 dum
1303 1423 1370 1455 est.

1232 1487 1476 1524 INNOCENTIA
1510 1490 1568 1522 est
1598 1486 1764 1530 honum,
1796 1490 1835 1522 et
1860 1485 1958 1522 nulli
1985 1499 2054 1522 no-

1181 1569 1284 1592 cens.
1315 1556 1424 1605 Virg.
1450 1555 1547 1592 Aen.
1576 1555 1641 1591 lib.
1660 1570 1722 1592 111:
1752 1555 1919 1608 litusque
1943 1567 2054 1606 roqu-

1180 1638 1262 1661 mus
1284 1625 1508 1662 Innocuum.
1546 1624 1740 1661 Innocens
1772 1637 1923 1661 rursum
1955 1624 2052 1661 inte-

1181 1707 1250 1742 ger
1285 1698 1322 1730 et
1361 1694 1621 1744 incorruptus.
1676 1693 1886 1731 Sallustius
1920 1693 1958 1729 in
1989 1692 2052 1730 Iu-

1181 1762 1339 1813 gurtha:
1369 1763 1506 1817 ubique
1521 1763 1701 1800 flletellus
1723 1762 1873 1815 aqebat,
1894 1776 1939 1799 ex
1953 1777 2053 1799 nun-

1179 1833 1241 1870 tiis
1274 1833 1459 1883 acceptis,
1494 1832 1604 1869 sinml
1639 1832 1686 1869 de
1717 1834 1934 1870 innocentia
1974 1833 2053 1869 eius

1179 1903 1318 1938 certior·
1352 1901 1474 1938 Roma
1505 1901 1654 1949 factuS,
1687 1901 1856 1952 diffidere
1893 1903 1973 1939 suis
2004 1909 2049 1939 30

1179 1970 1292 2008 rebus
1320 1984 1365 2008 ae
1388 1977 1468 2008 tum
1493 1971 1639 2008 demum
1665 1985 1795 2010 veram
1823 1972 2050 2009 deditionem

1174 2040 1306 2091 facere
1333 2046 1492 2077 conatus
1520 2045 1588 2078 est.

1177 2141 1317 2183 propius
1341 2139 1480 2183 cjnoth.
1514 2139 1645 2170 habitat
1668 2140 1761 2170 nobis
1783 2151 1880 2183 quam
1908 2138 2049 2181 propius

1367 2197 1555 2239 propitius,
1588 2196 1648 2226 sed
1684 2206 1772 2226 corr.
1808 2195 1947 2237 propius
1984 2195 2046 2229 VV,

1177 2252 1360 2283 msVictor.
1413 2252 1584 2295 propitius
1627 2253 1663 2283 L.
1696 2253 1739 2282 A.
1764 2250 1800 2282 J.
1826 2250 1871 2281 Μ.

1174 2308 1291 2350 quovis
1314 2309 1461 2351 'tlensium
1488 2304 1561 2342 (B)
1585 2319 1682 2351 quam
1703 2307 1891 2349 propitius!
1918 2306 2045 2347 Bergk.

1177 2195 1314 2237 cherc.

1920 2250 2048 2281 abbimt

1170 2362 1283 2393 habito
1307 2364 1417 2394 ubivis
1441 2375 1538 2407 qnam
1561 2366 1701 2405 propius
1725 2361 1853 2404 cherl.
1885 2362 1993 2393 l'urro
2011 2374 2046 2397 20

1169 2416 1341 2456 κενοδοξία
1369 2431 1404 2450 π,
1421 2433 1452 2460 φ.
1478 2419 1523 2450 Α.
1542 2420 1682 2461 Popma.
1707 2419 1909 2460 voluptatem
1924 2442 1929 2447 .
1943 2443 1948 2447 .
1961 2429 2046 2449 eoric.

1169 2475 1210 2505 ab
1233 2474 1325 2505 domo
1337 2498 1343 2505 .
1356 2498 1363 2505 .
1375 2481 1407 2505 et
1420 2487 1440 2505 a
1453 2487 1500 2505 me
1513 2499 1520 2506 .
1535 2498 1541 2505 .
1555 2475 1737 2518 coynoscite
1761 2473 1828 2515 ch.
1854 2485 2045 2505 concueurr.

1169 2529 1203 2562 d.
1238 2530 1361 2566 adeste,
1389 2530 1520 2566 adeste,
1545 2541 1628 2572 quae
1655 2529 1830 2572 sier-nmque
1854 2529 1922 2572 isliu.
1955 2529 2046 2560 Scal-

1169 2598 1249 2629 app.
1276 2585 1361 2628 conj.
1388 2598 1417 2628 p.
1435 2585 1497 2617 61.
1533 2585 1680 2628 quase-ilc·
1707 2585 1808 2615 catal.
1835 2596 1865 2626 p.
1888 2583 1978 2615 250.
2013 2589 2044 2614 el

1168 2653 1189 2671 a
1213 2653 1260 2672 me
1285 2641 1418 2677 Can-io,
1445 2642 1586 2682 Popma.
1612 2651 1743 2671 cuncus.
1770 2639 1926 2682 chan·io
1947 2641 1982 2677 5,
2001 2639 2038 2670 5.

1173 2697 1285 2728 adeste
1295 2698 1350 2732 mi,
1366 2698 1497 2740 istaque
1513 2702 1544 2726 et
1557 2708 1640 2739 quae
1657 2696 1765 2726 diram
1783 2699 1848 2740 iqu.
1875 2695 2042 2739 ‹szruten

1171 2752 1282 2783 Veris.
1307 2752 1342 2787 5,
1363 2751 1424 2783 18.
1451 2763 1505 2794 ap.
1533 2750 1632 2783 Grut.
1659 2752 1703 2783 V.
1724 2763 1755 2794 p.
1775 2751 1868 2784 580.
1893 2752 2043 2796 'qnos-cite

1171 2807 1306 2850 choss.
1320 2808 1432 2849 Etym.
1444 2814 1587 2849 emptum
1599 2808 1660 2838 tibi
1670 2807 1730 2839 hoe
1741 2809 1805 2838 inc.
1819 2808 1860 2838 B.
1870 2813 1998 2838 tannem
2008 2817 2043 2841 20

1170 2874 1233 2894 om.
1251 2862 1393 2904 cherc.
1429 2864 1744 2907 accepit...Romae
1769 2863 1841 2896 Sal.
1866 2863 1950 2904 Jug.
1976 2862 2040 2894 46.
