2174 3267
1780 220 1804 246 X
1812 219 1887 248 xlx?

65 323 108 367 in
135 321 373 366 Parmensi
401 336 440 364 a.
474 315 624 363 1480.
658 316 704 363 id
734 318 901 363 factum
931 326 1011 365 est.
1070 319 1288 365 Nonnihil
1313 320 1520 382 praestitit
1547 296 1676 377 Pius,
1699 318 1886 366 Mediol.

67 398 218 448 1500.
267 407 313 446 et
345 401 493 446 Paris.
541 398 694 446 1511.
763 400 859 446 Sed
903 401 1041 466 longe
1084 401 1393 465 superioribus
1427 401 1686 447 antecelluit
1720 401 1889 461 Aldus,

63 481 179 528 Ven.
204 479 356 526 1515.
391 483 560 544 quippe
596 484 673 545 qui
705 483 876 544 primus
904 483 1132 546 integrum
1156 500 1253 544 cap.
1274 483 1360 526 ΙΙΙ.
1396 481 1566 527 addidit
1588 490 1648 542 et⁷
1673 491 1722 529 ut
1745 486 1887 547 ipsius

61 550 212 609 verbis
245 571 363 622 utar‚
404 564 604 628 «reliqua
637 566 699 610 ita
734 566 1002 610 concinnata
1037 572 1082 611 et
1117 563 1326 610 absoluta
1360 563 1572 620 reddidit,
1610 572 1659 609 ut
1688 566 1889 612 aemulari

61 644 135 690 alii
167 653 274 708 post
306 645 396 692 hoc
428 645 603 691 facilius
637 646 814 708 possint
849 663 983 708 quam
1015 646 1217 690 imitari.»
1290 643 1591 690 Nihilominus
1626 652 1776 692 tamen
1802 647 1891 691 Mi-

61 725 191 772 chacl
223 727 475 784 Bentinus‚
510 733 743 772 corrector
777 727 822 770 in
856 725 1038 771 libraria
1071 724 1379 783 Frobeniana,
1427 725 1473 769 in
1509 725 1612 771 edit.
1648 726 1893 773 Basilieusi

63 806 217 853 1526.
252 807 385 853 11111115
421 807 546 853 libris
579 808 726 855 MSS.
764 826 872 854 usus
919 808 1059 854 multa
1105 807 1225 854 foede
1271 807 1399 870 lapsa
1444 814 1489 853 et
1529 810 1713 871 ingenio
1750 816 1795 855 et
1828 811 1892 854 in-

62 889 233 934 dustria
265 892 461 936 restituit
495 898 540 937 et
574 891 841 948 illustravit⁷
887 894 949 936 ita
996 899 1045 936 ut
1078 891 1227 936 Aldus
1272 892 1367 936 eius
1403 892 1726 954 castigationes
1762 892 1893 938 alteri

61 970 246 1017 editioni
262 990 300 1017 a.
323 970 477 1017 1527.
498 972 732 1018 addiderit.
767 974 842 1018 Ex
858 973 1042 1036 reliquis
1063 971 1350 1030 editionibus7
1369 989 1468 1034 quae
1488 981 1649 1035 postea
1673 974 1894 1037 evulgata!

61 1061 181 1112 sunt,
219 1053 329 1099 duas
364 1054 572 1099 laudasse
606 1056 714 1099 satis
747 1053 984 1100 habemus:
1029 1054 1253 1099 Hadriani
1286 1054 1403 1098 Iunii
1438 1061 1482 1099 et
1516 1055 1648 1100 Iosiae
1679 1055 1896 1112 Meroen-i,

62 1140 139 1201 qui
184 1138 273 1184 1100
325 1140 369 1184 in
422 1156 590 1202 genere
646 1138 898 1185 litterarum
954 1141 1188 1202 egregiam
1248 1137 1428 1182 laudem
1489 1142 1763 1181 meruerunt.
1830 1137 1894 1181 Et

60 1219 134 1266 ille
180 1220 362 1282 quidem
412 1220 515 1265 edit.
561 1223 701 1265 Antv.
751 1220 904 1266 1565.
944 1221 990 1266 8.
1037 1221 1147 1267 10015
1194 1221 1440 1265 innumeris
1473 1216 1682 1281 (amplius
1719 1217 1896 1265 duobus

59 1299 255 1345 millibus
300 1302 397 1363 ipse
431 1297 604 1360 statuit)
650 1301 849 1347 Nonium
893 1303 1116 1360 correxit⁷
1162 1302 1246 1346 etsi
1289 1301 1422 1344 nimia
1470 1301 1621 1362 operis
1667 1300 1896 1345 festinatio

60 1388 106 1427 et
138 1381 477 1444 typothetarum
512 1384 682 1428 incuria
717 1383 955 1446 aliquoties
978 1383 1228 1429 doctrinam
1253 1382 1438 1429 editoris
1463 1382 1734 1428 obscuravit.
1771 1383 1898 1428 Mer-

61 1480 191 1509 cerus
226 1470 376 1510 autem
418 1465 464 1508 in
506 1466 657 1527 priore
706 1483 786 1510 sua
843 1465 1038 1511 editione
1086 1466 1234 1510 Paris.
1272 1463 1426 1509 1585.
1470 1465 1681 1527 repetiw't
1716 1464 1898 1527 quidem

59 1546 177 1592 Iunii
211 1554 400 1606 textum⁷
429 1549 606 1610 scriptis
640 1547 767 1593 libris
802 1547 880 1594 illo
916 1554 1123 1611 tempore
1156 1546 1357 1593 nondum
1393 1548 1668 1605 instructus⁷
1719 1546 1895 1592 adiecto

59 1635 211 1674 tamen
244 1629 390 1676 indice
425 1638 660 1677 auctorum
695 1639 740 1677 et
773 1633 974 1678 virorum
1011 1631 1375 1677 doctissimorum
1421 1631 1542 1676 notis
1578 1631 1897 1693 variarumque

59 1710 304 1756 lectionum
366 1711 520 1759 libello
579 1714 829 1759 utilissimo.
890 1709 1044 1776 (quem
1099 1713 1314 1775 expilavit
1371 1713 1511 1758 Dion.
1564 1711 1898 1770 Gothofredus7

59 1793 207 1838 Paris.
246 1791 400 1838 1585.
435 1792 576 1840 1586
613 1789 715 1852 etc.)
751 1793 847 1839 Sed
880 1793 1019 1855 longe
1053 1795 1224 1838 maiora
1262 1794 1472 1855 praestitit
1504 1792 1645 1838 altera
1683 1792 1897 1849 cditione9

62 1892 161 1938 quae
206 1875 396 1920 Parisiis
439 1868 646 1932 (sedani)
691 1871 943 1935 sumptibus
990 1872 1213 1917 Hadriani
1259 1874 1422 1918 Perier
1469 1871 1622 1917 1614.
1667 1871 1715 1917 8.
1774 1870 1896 1917 evul-

61 1965 168 2021 gata
201 1964 284 2015 est,
320 1964 365 2002 et
397 1963 488 2001 tam
524 1956 689 2002 auxilio
726 1955 908 2013 codicis,
944 1957 1020 2019 qui
1055 1962 1149 2000 tum
1183 1954 1240 1999 ad
1277 1954 1418 2000 aedem
1446 1953 1496 2000 S.
1515 1954 1716 1999 Victoris
1752 1970 1896 1999 asser-

59 2038 278 2097 vabatur‚
332 2054 467 2101 quam
511 2036 663 2081 subtili
707 2035 890 2081 editoris
936 2037 1120 2099 ingenio
1166 2035 1308 2081 multo
1353 2035 1539 2097 reliquis
1584 2040 1653 2079 est
1687 2032 1896 2078 emenda-

60 2120 160 2165 tior.
210 2117 307 2165 Sed
342 2119 436 2164 cius
470 2118 627 2163 laudes
664 2135 718 2163 00
752 2117 962 2163 videntur
994 2117 1216 2175 imminui,
1252 2115 1376 2179 quod
1420 2115 1558 2161 homo
1604 2113 1892 2160 doctissimus

60 2200 257 2247 Diibner
304 2202 351 2245 in
396 2199 674 2246 bibliotheca
719 2200 845 2261 regia
880 2199 1088 2243 Parisina
1125 2197 1402 2243 collectanea
1425 2196 1678 2243 Passeratii
1708 2197 1897 2254 invenit,

61 2301 118 2330 ex
153 2283 316 2347 quibus
352 2283 476 2328 illum
512 2281 705 2345 plurima
750 2281 953 2326 hausisse
987 2279 1165 2325 iudicat.
1234 2279 1340 2338 Qua
1383 2296 1432 2324 re
1480 2278 1676 2323 fortasse
1723 2277 1892 2322 factum

62 2372 147 2424 est⁷
179 2372 230 2411 ut
260 2382 427 2412 nomen
459 2365 591 2411 Iosiae
624 2366 823 2411 Merceri
856 2363 958 2409 111110
994 2362 1178 2409 editioni
1212 2380 1306 2408 non
1338 2362 1395 2406 sit
1430 2361 1738 2423 praepositum.
1796 2357 1893 2405 Sed

60 2445 272 2492 iudicium
303 2463 444 2509 penes
478 2445 783 2509 intelligentes
819 2446 914 2490 erit.

186 2527 481 2592 Fulgentium
516 2545 616 2574 cum
647 2527 800 2574 Nonio
837 2526 1070 2582 edidimus,
1105 2525 1229 2588 quod
1263 2525 1366 2588 plus
1404 2541 1540 2588 quam
1574 2523 1718 2569 tribus
1754 2541 1892 2569 510011-

60 2608 115 2654 lis
149 2626 251 2656 cum
285 2626 340 2656 eo
376 2609 521 2656 editus
555 2609 716 2655 fuerat.
778 2608 898 2654 Nam
932 2625 1032 2653 cum
1062 2607 1102 2651 01
1122 2607 1518 2669 grammaticorum
1537 2607 1736 2668 corpori⁷
1757 2604 1886 2669 quod

62 2706 162 2736 cum
204 2692 399 2738 Perotto
445 2691 645 2738 Nonium
691 2697 736 2737 et
775 2691 964 2736 Festum
997 2688 1345 2752 varronemque
1379 2690 1605 2747 continet,
1649 2688 1884 2752 Fulgentii

59 2771 300 2834 Expositio
335 2790 594 2820 sermonum
629 2774 918 2836 antiquorum
952 2770 1126 2816 adiecta
1160 2777 1309 2829 esset⁷
1355 2770 1400 2815 id
1446 2770 1571 2834 quod
1618 2770 1786 2815 factum
1821 2777 1890 2815 est

60 2854 252 2916 primum
287 2873 325 2901 a.
359 2853 513 2901 1552.
544 2854 724 2901 Basiliae
762 2856 880 2918 typis
904 2853 1135 2900 Valentini
1159 2852 1386 2911 Curionis‚
1419 2851 1682 2898 Hadrianus
1714 2851 1889 2908 Iunius,

62 2936 214 2982 recisis
239 2936 421 3000 reliquis
444 2936 757 2998 scriptoribus,
792 2936 927 2981 Nonii
953 2952 1040 2980 una
1066 2952 1163 2980 cum
1193 2934 1439 2997 Fulgentio
1462 2935 1705 2996 separatim
1728 2930 1890 2979 edendi
