2174 3267
251 182 304 208 XX

244 283 406 344 'Neque
443 283 587 325 minor
623 279 767 342 gloria
803 278 953 323 ‘Verrii
987 278 1140 324 Flacci
1186 281 1294 338 suit,
1342 283 1417 343 qui
1463 282 1519 325 ab
1567 282 1780 345 Augusto
1814 292 2068 346 praeceptor

248 362 487 426 nepotibus
522 361 690 406 clectus
728 368 824 418 est,
869 362 994 405 cuius
1029 360 1417 423 praeclarissimum
1448 380 1561 424 opus
1596 365 1652 409 cle
1675 366 1908 411 verborum
1935 368 2068 430 siqni-

238 445 460 507 flentium,
497 444 700 506 quamvis
737 449 990 488 truncatum
1020 450 1064 488 et
1094 441 1361 501 mutilatum,
1400 445 1517 490 inter
1551 447 1919 506 praestantissima
1953 446 2068 493 litte·

245 543 396 570 rarum
430 526 696 570 Latinarum
721 530 1013 569 monumenta
1036 522 1241 568 habetur.
1306 524 1456 586 Ipsius
1480 526 1714 571 Ciceronis
1743 525 1930 572 libertus
1953 528 2068 574 Tiro

247 606 301 651 (16
337 623 420 651 usu
456 613 592 669 atque
627 606 802 651 ratione
838 603 1003 667 linguae
1037 605 1241 661 Latinae,
1287 603 1341 650 (16
1386 607 1519 650 variis
1566 613 1609 651 et
1651 608 1917 668 promiscuis
1951 625 2069 671 quae-

244 687 482 745 stionibus,
518 697 562 733 et
597 687 716 733 aliud
753 705 867 750 opus
913 688 1254 750 grammaticum
1289 690 1528 733 Πέενόέκται
1555 690 1816 751 scripserat,
1853 690 1933 735 cfr.
1949 689 2070 737 Gell.

244 769 380 813 XIII.
404 768 454 827 9,
479 767 525 814 5.
564 769 687 827 Quid
700 769 725 821 ’3,
755 769 879 832 quod
912 767 1053 812 Iulius
1092 766 1248 813 Cacsar
1284 768 1397 815 duos
1431 768 1572 814 libros
1610 769 1665 816 de
1687 770 1918 834 Analogia
1949 770 2071 817 evul—

244 850 400 913 gavit?
468 853 676 897 Accessit
720 851 776 895 L.
809 849 969 896 Aelius
1005 848 1183 906 Gallus,
1212 851 1335 895 cuius
1370 849 1471 895 libri
1517 851 1571 897 de
1605 853 1936 915 significatione
1973 870 2071 899 ver-

242 933 422 991 borum,
467 952 567 997 quae
611 934 668 978 ad
712 935 779 978 ius
825 931 953 978 civile
989 934 1235 994 pertinent,
1271 934 1432 994 saepius
1462 933 1715 979 laudantur.
1784 935 1903 982 Gell.
1936 936 2070 983 XVI.

242 1015 293 1074 5,
327 1016 374 1062 5.
421 1025 465 1062 et
509 1019 675 1079 passim
721 1016 843 1078 apud
877 1016 1077 1060 Festum.
1146 1016 1296 1059 Etiam
1341 1016 1566 1060 Antistius
1610 1016 1799 1075 Labeo,
1844 1020 1929 1063 etsi
1961 1020 2071 1063 iuris

242 1097 381 1143 civilis
418 1097 697 1160 disciplinam
731 1096 968 1159 principali
1003 1096 1152 1141 studio
1189 1097 1405 1155 exercuit,
1441 1104 1592 1143 tamen
1617 1097 1933 1145 Grammaticae
1961 1117 2072 1163 quo-

241 1197 330 1242 que
366 1187 502 1242 atque
549 1179 790 1224 dialecticae
825 1178 1079 1241 litterisque
1115 1178 1444 1240 antiquioribus
1481 1196 1666 1241 operam
1701 1179 1912 1240 dederat,
1947 1182 2073 1227 Lati-

240 1279 492 1324 narumque
541 1278 705 1306 vocum
756 1260 956 1322 origines
998 1260 1289 1321 rationesque
1337 1259 1616 1322 exploravit,
1667 1278 1811 1324 eaque
1845 1263 2071 1324 praecipue

240 1343 425 1388 scientia
449 1341 507 1387 ad
531 1341 795 1388 enodandos
817 1340 1064 1403 plerosque
1089 1341 1196 1385 iuris
1222 1340 1412 1402 laqueos
1440 1340 1665 1386 utebatur.
1697 1342 1828 1387 Libri
1852 1351 1958 1406 post
1978 1345 2072 1390 eius

239 1432 431 1488 mortem
453 1423 559 1470 editi
582 1431 626 1469 et
655 1426 932 1486 posteriores
958 1424 1188 1485 inscripti3
1224 1440 1417 1486 quorum
1448 1430 1541 1469 tres
1564 1426 1765 1470 continui
1785 1426 2070 1472 XXXVIII.

241 1489 479 1550 XXXIX.
515 1513 559 1551 et
593 1506 700 1551 XL.
734 1506 857 1568 pleni
909 1505 1094 1550 fuerunt
1139 1503 1184 1548 id
1228 1521 1372 1567 genus
1415 1521 1565 1549 rerum
1600 1505 1658 1550 ad
1693 1507 1993 1553 enarrandam
2027 1515 2071 1554 et

239 1586 549 1631 illustrandam
593 1587 793 1650 linguam
841 1587 1054 1631 Latinam
1098 1584 1298 1640 utilium,
1348 1585 1428 1630 cfr.
1483 1584 1601 1631 Gell.
1648 1587 1783 1632 XIII.
1823 1586 1904 1633 10.
1951 1586 2070 1635 unde

239 1668 455 1731 frequens
491 1670 584 1714 cius
620 1668 740 1731 apud
774 1669 962 1714 Festum
998 1674 1042 1712 et
1078 1666 1276 1712 Gellium
1312 1668 1481 1713 mentio
1516 1668 1579 1713 fit.
1645 1669 1880 1714 Praeterea
1925 1677 2070 1717 exsta-

240 1751 351 1796 bant
387 1751 709 1797 Commeutarii
735 1751 867 1798 Gavii
900 1751 1036 1795 Bassi
1070 1750 1125 1795 (16
1162 1750 1336 1811 origine
1372 1749 1615 1795 verborum
1650 1759 1695 1796 et
1727 1750 2071 1811 vocabulorum,

241 1849 433 1895 quorum
476 1832 591 1877 liber
636 1833 852 1893 septimus
896 1829 1106 1875 laudatur
1145 1829 1266 1892 apud
1315 1829 1434 1876 Gell.
1471 1830 1557 1875 XI.
1595 1829 1679 1889 17,
1713 1830 1788 1889 4.;
1837 1831 2071 1878 Caesellius

238 1913 422 1959 Vindex
464 1915 510 1957 in
556 1913 894 1959 Commentario
936 1911 1182 1957 lectionum
1230 1913 1517 1974 antiquarum
1566 1913 1872 1959 Grammatica
1907 1920 2068 1959 tracta-

240 1997 329 2053 xit,
381 1996 461 2041 csr.
497 1993 615 2041 Geli.
648 1995 710 2039 H.
749 1992 832 2051 16,
868 1992 915 2038 5.
963 1993 1072 2039 VH.
1109 1991 1159 2050 2,
1194 1991 1262 2050 5.;
1318 2009 1401 2038 nec
1448 2011 1540 2040 non
1590 1993 1783 2056 Valgius
1828 1993 1980 2038 Rufus
2022 1994 2070 2038 in

239 2075 374 2135 libro,
409 2078 485 2139 qui
519 2078 574 2122 dc
608 2077 740 2122 rebus
769 2093 853 2137 per
888 2076 1119 2137 epistol-‘un
1154 2077 1366 2140 quaesitis
1398 2076 1640 2138 inscriptus
1671 2083 1784 2133 erat,
1833 2075 1912 2120 cl'r.
1949 2074 2068 2121 Gell.

240 2158 351 2203 Xss.
384 2157 435 2217 5³,
472 2156 516 2202 1.
581 2159 704 2203 Ateii
743 2158 978 2221 Capitonis
1025 2158 1348 2215 Coniectanea,
1383 2175 1577 2221 quorum
1611 2157 1814 2204 CCLIX
1845 2157 1948 2203 libri
1975 2157 2069 2202 lau-

241 2240 420 2299 dantur,
455 2248 499 2286 et
535 2239 723 2301 Sulpicii
755 2237 1038 2301 Apollinaris
1069 2239 1390 2286 Commentarii
1436 2257 1528 2285 non
1561 2238 1698 2284 modo
1734 2238 1791 2283 ad
1832 2240 1900 2283 ius
1940 2238 2068 2285 civile

240 2332 473 2387 totamque
507 2341 602 2369 rem
637 2321 880 2386 publicam,
920 2322 1001 2369 sed
1052 2325 1184 2368 etiam
1227 2322 1284 2368 ad
1331 2322 1686 2369 Grammaticam
1731 2327 1963 2382 spectasse
2005 2322 2066 2365 vi-

240 2405 428 2465 dentur,
479 2407 646 2468 passim
695 2407 811 2452 enim
844 2423 870 2450 a
906 2405 1223 2452 Grammaticis
1272 2413 1317 2452 et
1363 2405 1419 2450 ab
1466 2407 1567 2468 ipso
1610 2405 1762 2450 Nonio
1809 2402 2065 2460 laudantur,

241 2487 320 2533 cfr.
356 2486 474 2533 Gell.
509 2487 569 2531 H.
606 2485 690 2543 107
729 2485 772 2531 1.
823 2487 906 2533 IV.
945 2485 992 2545 l,
1027 2486 1110 2532 20.
1163 2486 1297 2531 XIV.
1334 2484 1382 2541 7,
1425 2484 1502 2530 15.
1536 2485 1647 2530 XX.
1682 2484 1732 2543 2,
1765 2484 1813 2530 5.
1879 2484 2064 2531 Sinnius

239 2569 403 2631 Capito
448 2571 493 2613 in
539 2569 759 2631 Epistolis
816 2571 1031 2632 imprimis
1067 2570 1122 2616 de
1159 2569 1473 2616 Grammaticis
1505 2575 1688 2632 egerat,
1737 2568 1817 2614 cfr.
1852 2566 1972 2613 Gell.
2007 2568 2064 2611 V.

239 2648 326 2709 21,
361 2650 407 2695 9.
459 2651 745 2714 Hypsicratis
792 2659 837 2696 et
871 2650 1036 2697 Cloatii
1072 2651 1183 2698 Veri
1229 2649 1330 2695 libri
1374 2666 1514 2712 super
1557 2649 1643 2708 his,
1694 2666 1793 2711 quae
1829 2666 1854 2693 a
1889 2649 2063 2695 Graecis

238 2740 425 2795 accepta
468 2740 595 2791 sunt,
641 2733 881 2779 laudantur
916 2733 1033 2780 Gell.
1067 2734 1200 2779 XVI.
1242 2731 1322 2791 12,
1359 2731 1404 2777 1.
1439 2730 1484 2777 6.
1546 2732 1602 2777 P.
1637 2731 1856 2776 Lavinius
1898 2729 2063 2776 librum

240 2814 295 2861 dc
324 2814 473 2861 verbis
508 2814 700 2861 sordidis
736 2817 994 2878 scripserat,
1032 2815 1150 2863 Gell.
1177 2814 1288 2860 XX.
1324 2812 1404 2859 11.
1472 2814 1646 2876 Magna
1673 2829 1857 2876 quoquc
1882 2811 2060 2858 Santrae

241 2904 335 2942 erat
370 2898 628 2946 auctoritas,
663 2899 739 2960 qui
775 2897 829 2944 dc
854 2897 1093 2944 wrbomun
1118 2898 1403 2960 antiquorum
1432 2894 1838 2958 significationibus
1865 2895 2059 2956 scripsit,
