2174 3267
364 214 463 252 1111.
518 213 592 252 DE
622 211 798 251 VARIA
827 209 1292 250 SIGNIFICATIONE
1322 210 1647 250 SERMONEM.

99 337 182 361 cum
202 324 398 376 superiore
417 327 454 358 et
475 322 566 359 inde
582 328 776 376 aptaeque
788 320 974 374 pendens.

99 391 517 430 EtTuseulan.lib.v:
536 391 746 444 fulgentem
766 391 939 443 ι(Ιίιιάίηηι
959 405 979 427 ε

100 470 147 500 20
166 462 350 500 lacunari
359 466 443 498 seta
455 462 547 515 equi
554 466 687 514 aptum
700 461 844 499 dimitti
851 463 974 498 iussit.

148 532 366 575 AEQUALES
400 536 491 568 sunt
519 531 666 568 similes
695 535 734 568 et
764 544 811 567 ex
838 545 976 583 aequo.

94 602 282 639 Afranius
304 601 504 652 Vopisco:
545 607 583 638 et
615 601 769 656 quidem
801 607 839 638 tc
867 616 976 638 num-

95 684 211 725 quam
238 672 334 708 milu‘
356 671 609 716 Parasitum,
640 685 772 708 verum
801 673 976 715 amicum,

93 741 294 794 aequalem
339 746 459 795 atque
499 741 685 793 hospitem
728 740 976 778 Cotidianam

93 815 130 846 et
165 809 314 846 lautzcm
353 811 565 847 convivium
601 811 716 847 domi.
776 810 976 862 Aequales

90 892 246 916 rursum
275 880 476 931 aequaevi.
505 880 700 931 Virgilius
720 879 819 918 Aen.
839 880 907 917 lib.
927 895 975 917 x:

91 962 162 985 uec
184 962 263 985 non
284 947 484 986 Euantem
511 949 709 1001 Rygium,
735 950 976 1005 Paridisque

91 1018 281 1055 Minanta
293 1019 523 1073 Aequalem.
554 1019 732 1057 Lucilius
746 1022 976 1071 Satyrarunl

91 1088 161 1125 lib.
190 1102 233 1125 v:

91 1170 132 1194 se
170 1171 299 1195 senem
347 1159 534 1196 Tiresiam
568 1160 767 1214 aequalem
801 1166 967 1197 constat.

275 1094 448 1126 veterum
474 1104 593 1126 unum
628 1091 808 1127 cecidisse
844 1097 976 1127 tamen

91 1228 277 1266 Afranius
301 1228 513 1279 Privignoz
543 1231 634 1266 novi
667 1230 829 1266 amicum
856 1236 975 1283 atque

93 1305 139 1334 30
164 1298 366 1351 aequalem
394 1312 530 1334 meum.
581 1298 772 1349 Virgilius
803 1299 905 1335 libro
929 1313 971 1335 v:

90 1371 152 1404 ast
187 1367 293 1404 illum
319 1367 400 1417 fide
435 1368 628 1422 requales.
684 1368 897 1405 Terentius
932 1368 973 1405 in

87 1436 279 1474 Eunucho
293 1451 301 1473 ι
328 1438 457 1490 patris
472 1444 676 1489 coynatum
693 1444 811 1492 atque
826 1451 972 1492 aequa-

87 1507 159 1543 lem
190 1513 228 1543 te
249 1507 566 1545 llIarcidemiden.
592 1507 761 1544 Nostin?
791 1508 847 1545 Μ.
873 1508 972 1545 Tul-

86 1577 162 1615 lius
189 1578 239 1615 de
266 1577 420 1615 Officiis
442 1577 510 1614 lil).
535 1592 604 1615 111:
634 1578 722 1615 Pac
745 1577 972 1630 Scipionem,

87 1642 268 1698 (p.256.)
287 1648 346 1685 M.
357 1646 493 1696 filium,
514 1649 585 1701 qui
595 1649 743 1698 primus
754 1647 972 1695 Africanus

87 1716 305 1769 appellatus
343 1719 415 1760 sit,
459 1717 587 1754 dicere
627 1718 779 1753 solitum
820 1719 973 1768 scripsit

88 1786 198 1832 Cato,
229 1787 299 1839 qui
319 1785 397 1837 fuit
416 1786 500 1836 fere
528 1786 609 1822 eius
627 1786 817 1840 aequalis.
847 1786 901 1823 Et
922 1787 970 1823 de

88 1858 326 1895 Senectute:
357 1870 423 1907 eqo
461 1869 551 1892 vero
585 1862 746 1908 propter
787 1857 972 1892 sermonis

87 1928 377 1964 delectationem
400 1926 632 1979 tempestivis
664 1939 816 1979 quoque
846 1927 970 1963 convi-

84 1999 157 2035 viis
186 1997 367 2040 delector,
383 2009 455 2032 nec
474 2009 557 2032 cum
584 1994 811 2049 aequalibus
836 1996 969 2040 solum,

85 2069 156 2122 qui
180 2067 303 2119 pauci
338 2066 545 2102 admodum
572 2070 747 2108 restant,
782 2066 852 2102 sed
886 2080 969 2104 cum

85 2142 217 2174 vestra
245 2138 359 2173 etiam
388 2141 531 2173 aetate.

135 2208 358 2252 APERTUM‚
406 2220 568 2257 purum,
609 2219 800 2243 serenum.
858 2205 968 2256 Virg.

89 2285 131 2315 10
164 2277 365 2315 Aeneidos
390 2276 459 2312 lib.
483 2291 516 2312 1:
544 2277 688 2313 scindit
716 2289 758 2312 se
781 2275 900 2312 nubes
932 2281 969 2312 et

82 2349 124 2384 in
161 2347 324 2384 aethera
358 2352 506 2400 purgat
533 2352 725 2399 apertum.
775 2345 967 2397 Apertum

85 2418 230 2455 (licitur
258 2418 511 2468 patefactum.
546 2417 740 2467 Virgilius
764 2415 832 2453 lib.
857 2429 965 2451 vnn:

83 2489 237 2542 iamque
284 2487 382 2524 adeo
421 2488 570 2524 exierat
605 2487 729 2540 portis
770 2487 965 2539 equitatus

87 2558 249 2609 apertis.
306 2557 521 2594 Terentius
554 2556 727 2594 Adelfis:
770 2555 835 2592 abi
866 2568 966 2606 prae

84 2665 235 2709 improb.
260 2665 369 2698 More.
406 2665 658 2708 probReuvens
683 2676 718 2706 p.
744 2662 783 2694 9.
813 2663 861 2697 A.
898 2674 970 2693 con-

82 2722 196 2753 vivam
230 2722 296 2753 Ed.
326 2720 445 2754 1528.
479 2721 604 2764 steph.
642 2720 678 2751 J.
703 2719 814 2752 Neulz.
854 2730 968 2749 verum

84 2790 188 2809 amum
213 2778 353 2820 cherc.
387 2790 421 2809 se
447 2790 513 2809 om.
539 2778 609 2810 AJ.
647 2775 738 2808 585.
778 2787 853 2806 seve
879 2775 969 2805 Tire-

84 2845 119 2870 30
143 2835 212 2865 siai
236 2833 379 2877 cherc.
406 2836 436 2866 si
461 2847 568 2866 senem
593 2832 725 2876 cherl.
750 2831 962 2863 marcomcni-

82 2886 300 2936 (pag.256.)
324 2891 397 2922 dem
419 2891 510 2923 nosti
532 2891 571 2921 B.
608 2890 698 2921 nosti
722 2889 808 2920 Tur.
851 2892 962 2918 vastes

88 2958 120 2982 ιο
144 2948 209 2981 W.
234 2947 359 2988 syn-teis
382 2948 429 2979 A.
456 2946 593 2979 brachia
607 2947 708 2978 ctiam
723 2955 862 2988 procera
879 2943 960 2986 cjl).

1845 213 1927 252 161

1042 327 1200 358 strenue
1224 335 1271 359 ac
1290 320 1394 371 sores
1415 321 1536 373 aperi.
1557 320 1722 372 Aperit,
1747 321 1932 371 mittigat,

1042 391 1187 442 placat.
1226 391 1368 441 virgil.
1399 390 1498 428 Aen.
1536 390 1604 427 lib.
1643 404 1676 427 1:
1721 396 1757 427 ct
1799 396 1930 427 vastas

1043 462 1170 512 aperit
1186 462 1317 511 syrtis,
1340 466 1376 497 et
1397 466 1586 511 temperat
1606 473 1768 514 aequor.
1801 460 1932 511 Aper-

1044 535 1149 576 tum,
1191 530 1391 566 nudatum.
1448 529 1655 580 Turpilius
1688 530 1929 580 Demiurgo:

1043 606 1177 651 aperte
1213 611 1353 642 surae,
1396 598 1559 634 brachia
1597 604 1725 634 autem
1765 612 1932 650 procera

1042 669 1241 705 horrorem
1268 667 1364 704 mihi
1390 681 1436 704 ex
1469 669 1582 704 corde
1626 668 1927 705 exsuscitabunt.

1045 738 1258 776 Sallustius
1292 737 1496 775 Historiae
1537 737 1605 774 lib.
1634 751 1678 775 v:
1718 738 1854 791 quibus
1883 739 1933 774 de

1042 809 1169 845 causis
1187 807 1333 858 Syllam
1356 808 1397 843 in
1417 808 1580 844 victoria
1610 807 1837 843 dictatorem
1864 808 1935 843 uni

1041 877 1114 915 sibi
1130 891 1228 931 equo
1244 877 1490 920 descendere,
1501 889 1662 927 sut-[lere
1680 876 1728 912 de
1744 876 1854 919 sella,
1881 883 1928 912 20

1042 954 1159 998 caput
1195 949 1350 1000 aperire
1388 947 1552 984 solitum.
1590 945 1646 983 M.
1684 945 1842 983 Tullius
1881 945 1930 981 de

1043 1017 1194 1055 Officiis
1229 1017 1298 1054 lil).
1319 1031 1354 1054 1:
1385 1022 1570 1053 verentur
1603 1016 1717 1059 enim,
1752 1028 1814 1058 ue,
1858 1015 1935 1050 nisi

1042 1088 1146 1138 quod
1176 1101 1268 1124 casa
1304 1087 1475 1124 evenerit
1506 1093 1547 1122 ut
1583 1085 1759 1138 corporis
1795 1090 1930 1136 partes

1041 1158 1234 1211 quaedam
1270 1157 1526 1208 aperiantur,
1569 1157 1812 1207 aspiciantur
1853 1169 1931 1191 non.

1041 1212 1240 1262 decoreae.
1273 1226 1414 1275 virgil.
1441 1225 1509 1262 lib.
1534 1238 1596 1261 w:
1625 1226 1752 1276 aperit
1767 1238 1930 1268 ramum,

1041 1297 1111 1349 qui
1130 1301 1232 1332 veste
1254 1294 1414 1331 latebat.
1462 1294 1590 1331 Varro
1622 1293 1928 1330 Eumenidibus:

1040 1367 1166 1418 capite
1180 1370 1316 1418 aperto
1331 1377 1413 1400 csse
1432 1363 1548 1406 iubet,
1569 1369 1660 1400 ante
1674 1364 1793 1400 lucem
1813 1364 1931 1400 susci-

1039 1441 1112 1472 tat.

1038 1506 1198 1541 riantur
1235 1504 1417 1541 adversos
1454 1510 1496 1540 ut
1531 1505 1677 1556 apertis
1724 1503 1925 1540 lcueribus.

1157 1435 1325 1473 Sisenna
1354 1434 1621 1471 Historiarum
1656 1432 1724 1469 iil).
1745 1447 1807 1469 111:
1835 1434 1928 1469 ado-

1037 1575 1166 1612 Varro
1187 1575 1235 1611 de
1262 1575 1342 1612 vita
1360 1574 1404 1611 P.
1421 1575 1471 1612 R.
1496 1574 1564 1611 lib.
1588 1589 1621 1611 1:
1652 1574 1810 1611 nn'noris
1827 1579 1925 1610 nata

1038 1647 1163 1697 capite
1188 1651 1323 1698 aperto
1352 1650 1486 1688 erant,
1514 1644 1650 1696 capillo
1669 1657 1767 1695 pexo
1794 1644 1928 1696 utique

1028 1716 1186 1761 ¹innexis
1202 1714 1384 1752 crinibus.
1403 1714 1590 1766 Aperire,
1607 1714 1773 1764 erigere,
1793 1718 1926 1751 osteu-

1041 1785 1148 1822 dere.
1198 1785 1307 1834 virg.
1342 1784 1546 1821 Aeneidos
1586 1784 1654 1820 lib.
1681 1798 1743 1821 111:
1785 1789 1926 1837 quarto

1038 1856 1100 1892 die
1122 1861 1231 1891 terra
1248 1856 1413 1906 primum
1434 1867 1473 1891 se
1493 1854 1680 1890 adtollere
1700 1854 1857 1890 tcmdem
1875 1862 1921 1890 30

1043 1925 1153 1969 Visa,
1180 1926 1336 1978 aperire
1355 1925 1492 1978 procul
1517 1925 1667 1960 mentis.
1700 1924 1816 1961 Idem
1842 1923 1921 1960 Ae-

1036 1995 1175 2032 neidos
1216 1994 1285 2031 lib.
1318 2008 1411 2031 vul:
1455 1995 1706 2047 patriumque
1745 1995 1923 2045 aperitur

1034 2066 1175 2101 vertice
1216 2064 1338 2100 sidus.
1402 2063 1527 2100 Varro
1572 2063 1809 2114 Eleleagiis:
1840 2077 1920 2099 non,

1034 2134 1143 2171 modo
1184 2135 1286 2170 suris
1326 2134 1487 2185 apertis,
1525 2133 1595 2169 sed
1612 2146 1711 2186 pene
1727 2130 1783 2184 (p.
1799 2132 1889 2169 257
1894 2127 1920 2178 )

1031 2203 1186 2241 natibus
1213 2204 1361 2255 apertis
1390 2203 1605 2240 ambulans.

1086 2274 1313 2311 AUTcMAnE
1344 2278 1404 2310 est
1434 2273 1578 2310 dicere.
1620 2271 1815 2308 Pacuvius
1843 2271 1919 2308 Pe-

1033 2344 1188 2382 riboea:
1212 2342 1332 2396 flexa,
1354 2357 1433 2380 non.
1444 2342 1565 2391 falsa,
1578 2348 1784 2379 autumare
1804 2342 1918 2378 dictio

1032 2412 1154 2464 Delfis
1172 2414 1278 2450 solet.
1308 2413 1421 2450 Idem
1438 2412 1677 2449 Hermiona:
1707 2411 1804 2465 quid
1825 2410 1919 2446 bene

1031 2483 1176 2530 faciam
1205 2485 1242 2519 ei
1250 2511 1261 2527 ‚
1284 2483 1413 2534 patris
1444 2482 1551 2519 cuius
1586 2494 1704 2534 opera
1732 2493 1850 2531 opera
1881 2486 1918 2515 te

1033 2565 1113 2589 esse
1130 2553 1251 2589 ultum
1266 2551 1468 2589 azctumat?
1493 2550 1670 2588 Lucilius
1685 2550 1753 2587 lib.
1766 2563 1916 2586 xxviii:

1034 2660 1135 2692 Voss.
1161 2658 1323 2690 historiae
1348 2658 1412 2691 csr.
1431 2671 1464 2702 p.
1480 2658 1572 2696 597,
1585 2658 1645 2689 15.
1670 2657 1868 2688 descendere
1881 2668 1916 2691 20

1031 2728 1123 2759 equo,
1148 2714 1332 2758 adsurgere
1355 2715 1441 2746 sella
1472 2716 1576 2746 Arus.
1603 2713 1697 2745 Gerl.
1723 2713 1758 2744 2.
1797 2713 1916 2744 eudae-

1033 2771 1184 2803 monibus
1208 2771 1256 2802 A.
1275 2771 1340 2801 cfr.
1354 2769 1493 2813 p.452‚
1506 2770 1566 2802 10.
1595 2771 1706 2800 Varro
1731 2770 1793 2800 cfr.
1806 2770 1914 2800 Turn.

1030 2826 1093 2863 29,
1113 2825 1176 2857 20.
1202 2826 1356 2857 ambulas
1371 2838 1442 2857 cum
1457 2827 1558 2856 etlam
1585 2824 1676 2862 556,
1703 2821 1793 2868 (pag.
1806 2820 1914 2859 257.)

1029 2883 1092 2915 50.
1110 2882 1272 2925 chuliel.
1286 2883 1313 2914 I.
1332 2881 1391 2914 15.
1416 2881 1523 2924 Delfis
1547 2882 1656 2914 Turn.
1675 2882 1740 2920 29,
1758 2881 1825 2913 20.
1849 2881 1915 2919 50,

1034 2941 1065 2972 ¹.
1092 2941 1216 2972 Festus
1231 2951 1255 2971 s.
1274 2950 1303 2971 v.
1322 2938 1475 2980 prudens
1494 2939 1669 2982 benefacta
1685 2940 1749 2972 mei
1771 2938 1912 2981 ejsserc.

1490 2993 1545 3031 21
