2174 3267
226 184 240 208 Χ
255 181 301 207 ΙΙΙ

224 280 438 343 liquidum
476 279 659 341 perduci
712 295 801 323 non
848 286 1012 340 potest.
1085 280 1135 324 ld
1171 282 1278 325 salis
1315 289 1487 326 constat
1542 282 1845 329 Tulmrsicum
1882 287 1925 329 in
1961 285 2053 329 Nu-

222 362 354 407 midia
393 378 507 406 nova
547 377 635 405 non
672 360 832 422 procul
867 378 890 405 a
922 361 1060 406 fluvio
1083 362 1320 425 Ampsaga
1344 364 1476 407 situm
1499 365 1698 427 episcopi
1727 365 1879 411 sedem
1903 366 2056 410 fuisse.

225 443 322 489 Sed
358 460 448 505 quo
484 448 689 503 tempore
730 441 908 487 colonia
945 441 1137 487 deducta
1173 451 1249 487 aut
1285 444 1455 488 civibus
1493 453 1536 490 01
1571 445 1838 492 Christianis
1874 446 2054 509 quidem

225 534 316 571 tam
354 531 484 569 aucta
520 525 677 580 fuerit,¹
708 531 757 568 ut
790 525 991 586 episcopi
1026 524 1157 570 sedes
1192 526 1311 570 sacta
1344 528 1426 583 sit,
1468 545 1626 585 parum
1662 535 1941 590 compertum
1976 535 2057 571 est.

222 609 338 653 Nam
374 625 474 652 cum
510 607 613 652 inde
658 625 682 651 a
720 607 834 651 lulio
869 607 1051 653 Caaesare
1087 606 1323 663 dictatore,
1364 611 1597 673 Augusto,
1634 609 1843 666 Claudio,
1881 609 2058 670 Vespa-

221 690 368 746 siano,
401 690 655 745 Antonino,
699 686 983 744 Commodo,
1027 686 1203 733 Severo
1246 688 1434 735 coloniae
1471 692 1630 735 civium
1663 691 1976 735 Romanorum
2013 690 2058 733 in

223 771 382 815 Africa
444 771 698 815 constitutae
750 770 867 825 sint,
923 765 1021 826 (cfr.
1067 768 1187 813 Plin.
1238 769 1293 814 N.
1342 771 1402 814 H.
1454 789 1489 816 0.
1532 770 1677 817 1-4.
1738 779 1781 816 01
1828 771 2058 832 Inscriptt.

221 869 358 914 supra
389 847 599 909 laudatae)
636 849 680 894 id
710 849 857 895 solum
881 848 1181 911 probabiliter
1206 850 1358 914 colligi
1381 869 1516 914 posse
1541 853 1735 909 videtur,
1755 851 2060 897 Tubursicum

224 934 268 976 in
303 931 515 977 Numidia
545 947 663 976 nova
699 930 757 975 ab
794 929 993 975 eiusdem
1030 931 1223 975 nominis
1258 932 1437 976 civitate
1472 934 1515 976 in
1550 936 1782 994 provincia
1812 950 2061 997 proconsu-

223 1013 307 1058 lari
340 1015 465 1057 initio
503 1010 690 1057 secundi
726 1017 832 1071 post
867 1010 975 1056 Chr.
1012 1028 1054 1055 n.
1102 1011 1252 1055 saeeuli
1300 1011 1523 1057 coloniam
1570 1011 1809 1058 deductam
1845 1021 1891 1058 et
1925 1015 2058 1058 tertio

223 1094 390 1140 saeculo
426 1095 609 1139 ineunte
644 1093 846 1154 episcopi
884 1091 1038 1138 sedem
1072 1093 1237 1138 factam
1273 1093 1441 1150 fuisse,
1491 1096 1659 1156 quippe
1695 1111 1830 1157 quam
1872 1093 2061 1156 Cypria-

227 1193 312 1220 nus
347 1177 433 1220 iam
470 1176 909 1232 commemoraverit,
943 1177 980 1219 si
1017 1176 1197 1237 quidem
1241 1174 1472 1221 Tubursus
1509 1176 1831 1222 Commodiana
1867 1185 1911 1222 et
1939 1175 2062 1221 Tub.

226 1258 408 1304 Numid.
441 1257 560 1303 idem
595 1257 810 1319 oppidum
847 1257 1070 1321 designat.
1135 1258 1267 1303 Alius
1318 1259 1558 1322 episeopus
1606 1276 1629 1303 a
1677 1257 1932 1303 Tubursica
1969 1258 2062 1303 Nu-

225 1340 461 1385 midiarum
519 1356 638 1384 anno
695 1339 951 1387 CCCCXI.
1011 1342 1295 1396 nominatur,
1349 1341 1428 1385 cfr.
1475 1341 1665 1387 Collect.
1716 1340 1890 1386 Concil.
1939 1341 2062 1385 Max.

224 1420 332 1466 Vol.
367 1421 452 1465 IV.
498 1439 540 1483 p.
578 1419 697 1466 259.
746 1429 792 1467 01
826 1421 947 1483 apud
982 1422 1291 1484 Augustinum
1327 1430 1371 1467 et
1407 1423 1449 1465 in
1486 1423 1596 1467 actis
1631 1421 1940 1468 Conciliorum
1974 1420 2061 1465 Ed.

227 1504 375 1548 Paris.
419 1503 531 1547 XII.
566 1502 688 1548 Voll.
736 1504 780 1547 in
831 1502 987 1548 Indice
1042 1501 1380 1549 Rabursicensis
1424 1505 1714 1565 episcopatus
1763 1504 1806 1547 in
1851 1501 2063 1548 Numidia

225 1585 391 1646 saepius
430 1586 638 1630 occurrit.

358 1667 412 1711 In
447 1665 535 1711 hoc
570 1667 708 1731 igitur
744 1668 914 1731 oppido
948 1668 1124 1713 Nonius
1153 1668 1399 1713 Marcellus
1436 1677 1567 1713 natus
1601 1685 1699 1714 esse
1735 1667 1937 1724 videtur,
1973 1684 2062 1711 non

227 1756 332 1794 ante
369 1766 536 1793 annum
569 1748 625 1793 L.
660 1749 811 1795 saeculi
846 1748 1050 1805 secundi,
1086 1749 1209 1810 quod
1227 1751 1285 1793 A.
1322 1749 1536 1807 Gellium,
1573 1751 1647 1812 qui
1686 1750 1857 1795 Noctes
1884 1749 2064 1793 Atticas

226 1831 343 1874 intra
391 1844 535 1873 annos
584 1827 668 1874 CL
717 1838 762 1875 et
805 1829 989 1876 CLXV
1034 1827 1294 1874 elaborasse
1343 1828 1572 1890 putandus
1617 1838 1709 1887 est,
1762 1829 1911 1874 multis
1953 1828 2064 1874 locis

226 1910 481 1972 exscripsit.
549 1909 863 1956 Posteriorem
909 1917 1057 1954 autem
1092 1908 1328 1971 Appuleio
1364 1910 1562 1955 Nonium
1600 1911 1753 1967 fuisse,
1801 1908 1905 1953 inde
1941 1907 2065 1953 colli-

228 1998 367 2054 gunt,
403 1989 528 2052 quod
575 2007 675 2035 eum
710 2007 800 2035 uno
838 1989 940 2036 loco
977 1989 1192 2047 laudavit,
1228 1990 1308 2034 cfr.
1345 2008 1388 2052 p.
1419 1987 1488 2034 49
1520 2007 1557 2033 a.
1601 1998 1765 2035 nostra*v
1813 1989 1916 2034 edit.
1969 1987 2066 2034 Sed

227 2079 333 2117 ante
367 2089 468 2117 saec.
504 2072 648 2117 Vltum
681 2070 873 2116 eundem
907 2072 1071 2116 vixisse
1099 2073 1357 2117 testimonio
1383 2078 1466 2128 est,
1502 2071 1626 2134 quod
1650 2073 1747 2134 ipse
1776 2088 1799 2115 a
1826 2072 2066 2116 Prisciano

228 2152 466 2212 laudatur,
513 2154 594 2199 etr.
653 2153 756 2199 edit.
802 2153 961 2199 Rrehl.
1008 2171 1052 2216 p.
1079 2152 1163 2198 45.
1199 2152 1319 2199 278.
1353 2152 1472 2198 477.
1517 2153 1655 2199 Nonii
1705 2155 1843 2217 igitur
1887 2160 2065 2198 aetatem

227 2236 480 2280 accuratius
540 2234 884 2292 definientibus,
945 2237 982 2280 si
1038 2234 1158 2280 nulla
1219 2234 1396 2280 aliunde
1455 2243 1723 2298 argumenta
1776 2235 2068 2288 accesserint,

228 2318 355 2380 optio
394 2316 679 2379 relinquitur,
714 2326 862 2363 utrum
898 2319 1032 2363 tertio
1077 2335 1132 2362 an
1170 2325 1333 2381 quarto
1370 2335 1426 2361 an
1462 2320 1620 2381 quinto
1667 2336 1767 2363 eum
1803 2316 1968 2363 saeculo
2006 2317 2068 2359 vi-

228 2401 348 2445 xisse
384 2399 554 2444 malint.
622 2401 716 2444 lam
755 2399 842 2446 hoc
877 2403 1100 2447 neminem
1150 2402 1293 2464 sugit,
1342 2419 1435 2446 rem
1486 2418 1586 2446 esse
1628 2400 1684 2445 ad
1732 2397 2065 2444 diiudicandum

228 2481 550 2536 difficillimam,
585 2483 819 2544 scriptoris
856 2490 1032 2527 aetatem
1085 2484 1377 2538 constituere,
1413 2480 1468 2527 (le
1507 2483 1630 2527 euius
1666 2479 1957 2543 parentibus,
1991 2495 2066 2522 na-

230 2561 411 2618 talibus,
445 2562 535 2605 vita
571 2569 615 2606 et
649 2561 850 2607 moribus
888 2562 949 2607 nil
986 2563 1120 2625 plane
1157 2565 1415 2609 innotuerit.
1468 2563 1573 2624 Ipsa
1606 2570 1755 2607 autem
1793 2562 1955 2617 oratio,
1996 2560 2065 2603 cui

228 2643 434 2689 homines
471 2642 590 2688 docti
625 2643 865 2705 plurimum
900 2645 1099 2692 tribuere
1135 2646 1304 2703 solent,
1352 2647 1426 2690 vix
1462 2647 1627 2690 minimi
1666 2645 1879 2689 momenti
1924 2645 2066 2687 instar

229 2728 274 2771 in
310 2743 364 2771 eo
402 2724 518 2771 libro
555 2725 724 2772 habere
759 2735 940 2790 potest,
989 2730 1064 2790 qui
1114 2728 1173 2773 nil
1216 2728 1336 2773 aliud
1386 2745 1520 2790 quam
1567 2727 1757 2772 aliorum
1793 2725 2064 2785 scriptorum

229 2807 367 2853 verba
407 2807 618 2869 explicat,
655 2815 698 2852 et
733 2809 775 2852 in
810 2808 1129 2871 vulgatissimis
1165 2811 1461 2871 interpretum
1499 2808 1675 2854 dicendi
1720 2804 1923 2851 formulis
1961 2820 2065 2847 con-

231 2892 408 2937 tinetur.
456 2890 560 2935 Non
598 2892 755 2935 mirum
792 2892 947 2952 igitur,
981 2892 1103 2954 quod
1141 2892 1346 2938 homines
1384 2892 1519 2948 docti,
1559 2892 1633 2952 qui
1666 2889 1914 2933 litterarum
1941 2885 2064 2929 Lati-
