2174 3267
298 214 434 240 xxxx]

297 316 420 353 chr.
452 314 683 351 Dantzer
713 318 752 349 et
781 312 897 350 Laur.
927 312 1115 352 Lersch
1145 315 1193 352 de
1225 330 1338 355 versu
1367 320 1567 367 Saturnio,
1595 322 1720 359 Bonn.
1756 322 1884 362 1858.

503 381 604 418 idem
712 382 761 419 dc
791 380 904 419 Livio
932 382 1176 429 Andronico,
1204 384 1336 424 Berol.
1370 386 1498 425 1855.

505 450 605 489 idem
712 451 752 488 in
781 451 1116 502 disputationibus
1145 452 1389 494 brevioribus
1418 458 1574 494 insertis
1607 458 1646 494 in
1673 458 1978 498 Zimmermanns
2005 461 2109 501 Zeit-

719 520 859 558 schrift
880 523 904 559 f.
921 521 956 558 d.
974 521 1505 572 Alte1·thumswissensehast,
1533 534 1570 565 et
1585 528 1624 565 in
1644 528 1902 568 Rheinisches
1917 531 2111 571 Museum.

291 591 374 629 Ian.
404 591 531 629 Dusa
561 597 597 628 ct
624 591 765 629 Frane.
795 593 926 630 Dusa
965 592 1111 630 Lucilii
1151 594 1353 633 satirarum
1392 599 1581 650 reliquiae,
1610 603 1734 650 repet.
1755 600 1893 637 Patav.
1927 601 2057 640 1755.

291 661 380 699 Nic.
408 662 572 699 Faber
602 663 707 713 apud
736 662 860 699 Merc.
897 662 934 699 1.

291 733 432 769 Franc.
462 732 700 769 Floridus
731 731 902 768 Sabinus
931 732 1124 769 lectiones
1153 732 1368 779 subcisivae,
1398 736 1502 787 apud
1531 735 1688 775 Gruter.
1716 737 1852 790 Lamp.
1883 742 1909 775 t.
1939 738 1970 776 I.

293 802 352 840 Io.
383 802 473 840 val.
503 802 596 839 Fra
610 801 728 839 ncke
759 802 865 853 apud
893 800 1108 839 Neukircb.

290 873 350 910 Io.
381 871 768 909 Freinshemius
798 871 846 908 ad
874 871 1050 917 Florum,
1079 872 1244 924 Argent.
1277 873 1407 912 1655.

290 942 387 980 Luc.
430 942 703 978 Fruterius
743 941 967 979 verisimilia
1013 948 1049 978 et
1094 943 1273 993 epistolae
1314 943 1587 995 philolog-icae,
1633 948 1736 998 apud
1777 948 1937 988 Gruter.
1976 949 2113 1003 Lamp.

395 1016 422 1048 t.
451 1011 507 1048 Π.
538 1015 578 1048 et
607 1010 654 1048 V.

288 1083 371 1121 Ian.
402 1081 540 1119 Gebh
557 1081 701 1127 ardus
731 1081 978 1133 antiquarum
1007 1081 1220 1118 lecti0num
1249 1081 1342 1120 libri
1370 1082 1428 1129 ΙΙ,
1458 1083 1658 1122 Herborn.
1693 1085 1821 1123 1618.

289 1152 431 1190 Obert.
462 1151 701 1188 Gifanius
730 1151 777 1188 ad
807 1149 1052 1196 Lucretium,
1079 1150 1198 1189 Antv.
1232 1150 1361 1189 1565.

288 1222 393 1259 vict.
423 1220 698 1258 Giselinus
728 1220 768 1257 in
799 1220 859 1257 ed.
888 1219 1004 1256 Iunii.

288 1292 360 1330 W.
390 1292 444 1329 Π.
474 1290 689 1331 Grauert
716 1290 853 1329 histor.
883 1305 918 1328 u.
949 1290 1087 1342 philol.
1115 1290 1354 1336 Analekten9
1384 1290 1567 1330 Mfinster
1599 1291 1729 1331 1855.

287 1361 320 1398 I.
351 1361 416 1399 Fr.
449 1358 739 1399 Gronovius
769 1360 1086 1398 observationum
1114 1359 1207 1399 libri
1235 1360 1305 1398 lv.
1334 1365 1461 1411 repet.
1489 1360 1599 1413 Lips.
1632 1361 1761 1400 1755.

287 1430 408 1482 Hugo
440 1429 650 1468 Grotius
679 1430 786 1482 apud
812 1429 1012 1468 Vossium.

290 1502 374 1539 Ian.
422 1500 670 1540 Gruterus
727 1500 896 1552 Lampas
945 1501 1026 1539 sive
1074 1500 1137 1537 fax
1189 1499 1329 1538 artium
1379 1498 1622 1547 liberalium,
1670 1501 1742 1540 VI.
1789 1502 1882 1540 voll.
1932 1503 2115 1542 Francos.

401 1571 709 1609 1602-1612.

292 1640 375 1678 Ian.
408 1641 686 1680 Gulielmus
717 1642 942 1679 verisimilia
973 1641 1065 1678 etin
1082 1640 1266 1679 Plautum
1283 1640 1655 1692 quaestioncs,apud
1669 1639 1978 1695 Gruter.Lamp.
2000 1644 2116 1683 t.111.

293 1712 396 1751 God.
425 1713 677 1751 Hermann
706 1713 899 1751 elementa
927 1712 1116 1750 doctrinae
1145 1712 1330 1757 metricae,
1360 1711 1471 1764 Lips.
1506 1712 1636 1750 1816.

476 1782 575 1820 idem
702 1783 920 1835 Opuscula,
949 1782 1044 1820 VII.
1072 1780 1149 1818 vol.
1177 1779 1286 1831 Lips.
1320 1779 1628 1819 1827—1859.

291 1853 527 1891 Iunianus
556 1852 684 1890 Maius
713 1853 761 1890 de
788 1853 1009 1904 priscorum
1036 1849 1284 1902 proprietate
1314 1849 1535 1895 verborum,
1566 1851 1721 1889 Tarvis.
1754 1850 1885 1888 1477.
1913 1851 1982 1889 fol.

291 1923 415 1961 Iladr.
445 1923 617 1960 Iunius
648 1922 1007 1959 animadversorum
1034 1919 1127 1957 libri
1157 1919 1230 1964 VI,
1259 1919 1381 1956 Basil.
1415 1918 1543 1956 1556.

292 1993 407 2031 Paul.
435 1993 570 2044 Lcop
583 1992 728 2030 ardus
758 1991 1055 2029 emendatIones
1084 1994 1123 2027 et
1152 1988 1417 2034 miscellanea,
1447 1989 1552 2039 apud
1573 1987 1733 2026 Gruter.
1763 1987 1900 2039 Lamp.
1930 1993 1957 2025 t.
1985 1988 2063 2026 III.

291 2062 409 2101 Laur.
438 2061 628 2100 Lerseh
669 2076 703 2099 v.
731 2062 922 2099 Diintzer.
976 2060 1089 2098 Idem
1125 2059 1166 2096 in
1205 2058 1538 2110 disputationibus
1576 2057 1823 2096 brevioribus
1873 2059 2034 2097 insertis
2075 2059 2117 2097 in

397 2131 703 2168 Zimmermanns
733 2129 960 2168 zeitschrift
986 2130 1011 2167 f.
1042 2129 1077 2166 d.
1107 2127 1220 2166 AXV.

294 2201 389 2238 lust.
418 2200 622 2251 Lipsius
663 2214 785 2251 opera
824 2199 973 2241 omnia,
1013 2211 1098 2251 quoe
1138 2197 1188 2236 ad
1225 2196 1399 2235 criticam
1434 2196 1597 2247 proprie
1635 2201 1817 2247 spectant
1855 2193 2118 2249 (antiquarum

399 2272 616 2309 lectionum
655 2270 979 2315 commentarius,
1031 2269 1327 2321 epistolicarum
1366 2268 1624 2319 quaestionum
1664 2267 1756 2306 libri
1798 2267 1858 2314 V,
1901 2267 2118 2304 electorum

398 2342 489 2379 libri
519 2341 582 2384 11,
622 2342 816 2380 variarum
852 2342 1068 2380 lectionum
1105 2340 1198 2379 libri
1235 2339 1321 2384 III,
1365 2340 1618 2377 saturnalium
1656 2352 1876 2378 sermonum
1913 2333 2117 2383 libri.11.)

399 2414 518 2451 Antv.
551 2411 680 2450 1585.
710 2413 749 2450 [Δ.

295 2486 326 2524 Ι.
355 2484 403 2522 Ν.
433 2484 637 2533 Madvig
666 2482 854 2535 opuscula
884 2482 1119 2527 academica,
1148 2480 1275 2519 Haun.
1310 2478 1438 2516 1854.

296 2556 399 2608 Aug.
427 2555 585 2594 Maius
615 2555 663 2592 ad
694 2554 776 2592 Cic.
806 2554 854 2591 (lc
882 2554 984 2606 Rep.
1012 2553 1148 2591 Romae
1179 2550 1308 2590 1828.

296 2626 329 2664 l.
358 2626 406 2664 A.
436 2624 896 2677 Martyni-Laguna
927 2625 976 2663 ad
1006 2624 1210 2663 Ciceronis
1239 2621 1441 2675 epistolas,
1471 2621 1579 2672 Lips.
1613 2618 1742 2658 1804.

297 2694 411 2733 Paul.
440 2694 634 2732 Merula
663 2694 711 2731 ad
741 2694 858 2732 Ennii
887 2695 1063 2740 annales,
1089 2693 1216 2744 Lugd.
1232 2692 1277 2729 B.
1311 2689 1441 2742 1595.
1470 2690 1511 2728 4.

297 2765 421 2802 Ilenr.
451 2764 621 2816 Meyer
650 2768 849 2802 oratorum
877 2764 991 2802 Rom.
1019 2766 1248 2814 frag-menta,
1279 2761 1418 2799 Turici
1449 2758 1579 2796 1852.

436 2834 536 2871 idem
565 2831 792 2883 anthologia
821 2839 995 2872 veterum
1024 2833 1356 2885 epigrammatum,
1385 2830 1494 2880 Lips.
1528 2825 1658 2865 1855,

300 2907 439 2945 Odosr.
471 2903 655 2942 Miillcl·
685 2905 732 2942 ad
763 2905 978 2946 Varronem
1010 2906 1057 2945 de
1087 2904 1130 2942 L.
1161 2904 1208 2942 L.
1234 2903 1340 2954 Lips.
1377 2900 1504 2939 1855.
1537 2900 1586 2937 ad
1599 2898 1775 2942 Festum,
1799 2895 1908 2946 Lips.
1930 2890 2110 2932 1859.4.
