2174 3267
226 152 314 190 190

212 258 343 296 cadia:
373 263 409 293 et
428 255 590 307 amplius
612 253 717 292 illam
740 267 932 307 apparere
956 255 1093 291 conde-

214 333 285 371 eet,
306 325 617 381 quandoquidem
641 325 721 361 voti
741 325 997 361 condemnata
1021 329 1091 360 est.

219 404 261 434 10
294 395 399 446 virg.
417 394 459 431 in
470 394 691 431 Bucolicis:
721 393 925 430 damnabis
940 399 982 430 tn
1003 406 1094 447 qao-

211 478 285 519 que
305 466 415 502 votis.
449 463 619 502 Sisenna
641 463 905 500 Historiarum
928 463 996 500 lib.
1013 476 1094 500 1111:

211 535 316 589 qnod
332 539 417 571 voto
443 534 624 570 danmati
646 532 769 583 fetum
795 546 941 569 omnem
962 533 1096 569 dicun—

210 610 276 642 tm·
297 605 377 641 eius
395 605 494 641 anni
507 604 638 640 statim
663 616 919 640 consecrasse.
952 602 1095 640 Cicero

215 673 525 712 Tusculanarum
566 673 632 709 lib.
661 686 703 709 v:
733 686 864 709 rernm
894 678 1096 717 natm-am,

207 756 323 798 qnam
357 756 527 780 errorem
562 749 759 787 nostram,
796 744 986 780 danmare
1016 755 1096 779 ma-

211 814 346 850 lumus.

263 884 475 920 Dssmcssmz
540 886 601 918 est
665 881 829 918 illicere.
922 880 1096 919 Titinius

208 952 278 989 lib.
308 966 354 988 v:
395 951 500 1005 quod
533 964 578 987 ea
602 953 803 1003 parasitus
831 950 995 995 habeat,
1029 950 1099 1004 qui

207 1023 313 1059 illum
343 1022 443 1058 sciat
474 1021 674 1065 Delieere,
713 1026 751 1058 et
782 1026 928 1058 noctem
965 1020 1097 1071 facere

210 1093 332 1146 possit
361 1092 408 1128 de
434 1091 508 1128 die.

264 1162 534 1206 DEFENDERE,
591 1161 813 1205 vindicare,
873 1159 1094 1210 depellere.

210 1232 320 1282 Virg.
338 1233 375 1268 in
399 1231 624 1268 Bucolicis:
653 1231 855 1266 solstitium.
876 1231 1011 1280 pecori
1029 1229 1094 1266 de-

210 1310 256 1340 20
273 1301 432 1352 tendite.
462 1300 704 1345 Defendere,
734 1300 851 1343 tucri,
881 1299 1096 1350 depellere.

209 1372 360 1408 Ennius
400 1369 576 1407 Achille:
621 1383 735 1406 serva
772 1371 892 1413 cives,
930 1368 1097 1419 defende

208 1442 357 1484 hostes,
386 1454 469 1477 cnm
492 1445 600 1492 potes
630 1439 854 1486 defendere.

260 1511 417 1549 DELch
454 1514 514 1546 est
553 1509 661 1560 aperi
693 1513 732 1545 et
769 1509 947 1560 explana.
992 1509 1095 1546 Titi-

209 1581 295 1617 nius
319 1581 359 1617 in
382 1580 556 1627 Quinto:
590 1579 686 1633 quid
704 1580 803 1615 istae
822 1585 892 1622 est,
911 1584 981 1615 aut
1000 1579 1098 1632 quid

206 1651 292 1688 istie
306 1649 380 1687 sibi
395 1649 477 1686 vult
492 1647 644 1685 sermo?
673 1653 798 1685 mater
817 1648 952 1685 delica.
982 1648 1095 1685 Idem

209 1719 392 1758 Proelia:
422 1718 555 1763 tibine,
581 1718 790 1755 comediam
816 1731 932 1772 qnam
961 1719 1094 1763 sciam,

207 1804 285 1826 non
312 1787 496 1826 delicem?
541 1788 741 1827 Caecilius
773 1787 1034 1825 obolostate:
1062 1790 1099 1826 si

205 1860 360 1911 linquas
388 1859 474 1895 dete
495 1857 671 1895 Habeam
688 1886 698 1903 ,
723 1859 786 1895 vix
802 1857 977 1903 habeam,
998 1859 1095 1896 satis

208 1941 318 1973 Neuk.
346 1941 465 1972 Herm.
503 1947 552 1971 est
588 1951 655 1973 om.
681 1940 766 1972 Jun.
793 1940 948 1983 Schopp.
974 1941 1091 1974 Veris.

211 1999 246 2035 1,
263 1997 320 2030 16.
346 2004 379 2028 ct
401 1998 469 2028 iam
490 1998 574 2041 plus
599 1998 697 2029 illam
722 2009 891 2041 aps-arare
916 1998 1090 2030 MsPalat.

208 2053 416 2098 probGebh.
444 2065 474 2096 p.
500 2053 564 2085 51.
606 2054 721 2084 Etiam
748 2053 826 2084 llius
858 2055 955 2085 illam
987 2066 1092 2097 appa-

208 2123 284 2141 rare
296 2110 426 2152 chuil.
441 2109 477 2146 9.,
497 2109 559 2141 9-5.
574 2115 605 2140 et
630 2110 777 2151 amplius
802 2110 899 2141 illam
925 2122 1095 2154 apparare

212 2177 243 2201 ιο
269 2165 466 2210 cherlach.
494 2178 558 2207 quo
587 2172 660 2197 voto
681 2165 837 2209 charrio
857 2165 935 2203 Ι,6.
957 2166 1089 2198 Victor.

210 2224 250 2255 V.
266 2223 306 2254 L.
333 2222 396 2258 55,
416 2222 480 2253 22.
506 2223 687 2253 maluimus
712 2222 759 2253 A.
793 2222 942 2253 delieare
967 2229 1017 2253 est
1039 2223 1089 2254 ἰη-

207 2280 308 2311 licere
336 2279 509 2310 Titinnius
535 2279 610 2310 Lib.
635 2280 673 2309 Γ.
700 2279 731 2309 b.
769 2279 846 2311 Lib.
868 2279 911 2310 V.
938 2280 981 2311 B.
1013 2279 1092 2311 iuli-

208 2347 278 2366 cere
303 2336 468 2377 turpilius
493 2335 554 2367 lib.
579 2336 621 2367 Γ.
649 2335 689 2368 L.
714 2335 750 2366 in
774 2336 902 2374 Quinto
928 2335 1008 2379 cjll.
1032 2334 1090 2366 lla-

209 2393 283 2422 beat
308 2392 429 2435 quibus
456 2391 558 2422 Voss.
599 2404 662 2436 qno
695 2404 732 2421 ca
756 2404 789 2431 p.
821 2392 968 2424 abbitet.
985 2415 1013 2423 ..
1033 2397 1093 2423 ,ut

207 2453 331 2478 noctem
360 2446 473 2478 Bothe
489 2447 526 2479 (ἐ.
553 2447 670 2477 habeat
698 2453 734 2477 nt
759 2448 817 2491 qui
841 2447 951 2478 Neuk.
986 2448 1093 2478 satiat

206 2504 350 2535 delicere
375 2504 409 2534 b.
435 2507 509 2547 quis
538 2504 632 2533 illum
649 2503 799 2545 ..faeere
826 2515 891 2534 om.
920 2504 1028 2535 Palm.
1054 2516 1090 2546 p.

207 2561 270 2593 51.
297 2561 356 2604 qni
379 2572 413 2591 se
437 2561 537 2591 illum
561 2572 607 2590 sc.
634 2560 787 2602 cjsscrm.
815 2560 881 2603 Op.
896 2560 941 2592 V.
956 2559 1094 2602 p.275.

206 2630 241 2652 20
265 2617 453 2660 defendere,
477 2616 644 2647 debellare
671 2618 744 2647 ueri
761 2617 837 2648 ..In
854 2617 1095 2660 Aelu'lleoqui

209 2680 239 2704 te
262 2686 358 2704 serva
384 2674 472 2704 cives
496 2672 668 2716 defendite
692 2673 802 2703 hostes
830 2673 863 2704 b.
904 2672 1000 2703 istud
1025 2684 1095 2703 esse

207 2729 240 2760 b.
272 2729 420 2760 Titinius
434 2741 467 2772 p.
483 2728 546 2766 98,
566 2728 603 2761 8.
630 2729 713 2772 {sarid
738 2741 802 2760 0111.
820 2742 851 2772 p.
874 2728 938 2764 98,
957 2728 991 2761 9.
1009 2729 1091 2760 Jun.

208 2785 321 2817 Ncult.

209 2842 252 2873 G.
277 2854 356 2873 coni.
382 2856 479 2887 quam
506 2855 601 2887 “flam
629 2842 788 2884 chotlw.
815 2855 875 2873 non
897 2848 975 2873 ante
989 2841 1089 2872 delic-

210 2911 274 2930 om.
299 2899 410 2931 Neulz.
439 2899 537 2931 tibin*
560 2911 587 2930 c.
614 2901 654 2938 Q.
681 2899 936 2942 {lei-n1.0p.v.
951 2911 983 2941 p.
998 2897 1089 2930 272.

349 2787 498 2828 improb.
518 2787 632 2817 Herm.
660 2786 722 2816 tibi
739 2798 820 2828 nesso
839 2785 981 2816 mediam
998 2797 1092 2828 quem.

870 149 984 187 NON
988 149 1076 187 1Us
1106 149 1440 189 MARCELLUS

1158 261 1196 292 te
1217 256 1287 309 qni
1307 256 1484 300 landem,
1518 255 1625 293 aehe.
1664 254 1784 293 Immo
1805 267 1919 298 vero,
1946 254 2043 292 haec

1159 330 1251 361 ante
1293 325 1427 362 solitas
1463 338 1573 369 sum3
1616 326 1774 363 delicat.
1830 324 1976 362 Accius
2002 324 2044 361 in

1160 393 1338 430 Achille:
1377 407 1457 447 qua
1490 407 1532 431 re
1569 395 1649 432 alia
1692 408 1740 432 ex
1776 394 1937 432 crimine
1970 395 2042 430 ini—

1160 464 1340 500 micorum
1364 462 1532 514 effic9e1·e
1549 466 1686 517 possis,
1720 465 1856 502 delica.
1895 463 1973 500 Lu·
1995 470 2041 500 30

1161 533 1274 570 cilius
1296 532 1362 569 lib.
1380 546 1465 569 xxx
1481 547 1488 569 :
1517 547 1625 571 nemo
1643 535 1755 572 istam
1770 539 1941 571 ventrem
1951 546 2043 585 per-

1159 601 1299 639 tundet
1319 602 1549 657 delicietqne
1572 604 1630 640 nti
1652 604 1717 640 via
1746 609 1863 657 atque
1880 602 2040 640 videbis.

1212 671 1460 717 DELENJTcs,
1475 672 1523 708 ad
1535 677 1707 709 nostram
1719 673 2043 710 consuetudinem

1162 741 1348 792 placatus.
1379 741 1587 792 Turpilius
1618 743 1657 779 in
1683 743 1826 780 Deme·
1854 740 1907 793 (p.
1923 739 2041 787 278.)

1162 810 1259 848 trio:
1287 812 1376 848 vide
1389 812 1527 848 mirum
1546 812 1756 861 inqenium,
1775 825 1822 849 ac
1842 811 2043 862 delenifica

1162 881 1358 918 mulierem
1369 896 1384 925 ,-
1412 881 1629 933 Commorat
1651 882 1839 918 hominem
1857 881 2040 918 lacrimis.

1710 950 1767 987 Μ.
1798 950 1956 988 Tullius
1994 949 2045 986 ad

1165 1020 1343 1058 Cassium
1368 1019 1437 1057 lib.
1458 1034 1488 1057 1:
1519 1021 1596 1057 iam
1630 1020 1825 1057 biennium
1857 1025 1928 1064 est,
1959 1033 2044 1056 cum

1160 950 1391 995 Delenitus,
1424 951 1654 988 delectatus.

1160 1091 1299 1127 virtuti
1334 1091 1511 1127 nuntium
1540 1091 1724 1127 remisisti
1746 1090 1936 1127 delenitus
1961 1089 2044 1126 ille-

1161 1160 1281 1197 cebris
1325 1160 1548 1212 voluptatis.
1605 1159 1784 1197 Lucilius
1830 1159 1899 1196 lib.
1933 1172 2041 1196 xxx:

1158 1230 1391 1282 praeservit,
1421 1230 1532 1267 labra
1559 1231 1711 1275 delicit,
1734 1230 1878 1267 delenit
1896 1242 2041 1266 amore.

1159 1299 1370 1337 Delenitus
1398 1305 1457 1337 est
1482 1305 1613 1337 mente
1639 1300 1844 1336 alienatus.
1872 1298 2042 1337 Plautus

1160 1369 1201 1406 in
1224 1369 1492 1421 Amfitryone:
1537 1369 1728 1406 delenitus
1754 1382 1839 1406 snm
1867 1367 2045 1422 profecto

1160 1439 1230 1483 ita,
1251 1444 1294 1475 nt
1316 1452 1374 1476 me
1401 1440 1471 1493 qui
1491 1439 1563 1476 sim
1589 1440 1770 1476 nesciam.
1802 1438 1980 1476 Lucilius
1999 1446 2043 1476 10

1158 1508 1226 1546 lib.
1244 1522 1374 1546 xxvm
1388 1523 1395 1544 :
1416 1509 1602 1546 concedat
1615 1509 1762 1546 homini
1769 1508 1812 1546 id
1824 1509 1930 1562 qnod
1944 1508 2040 1552 vidt,

1159 1578 1344 1622 deleniat,
1373 1577 1606 1631 Corrampat
1630 1591 1806 1631 prorsus,
1830 1592 1877 1615 ae
1906 1590 2044 1614 nervos

1164 1648 1283 1685 omnis
1315 1648 1444 1700 eliqat.
1494 1648 1672 1686 Titinius
1701 1647 1881 1686 Proelia:
1912 1660 2046 1684 verum

1159 1719 1260 1755 enim
1285 1717 1437 1755 dotibus
1464 1718 1626 1755 deleniti
1648 1719 1750 1756 ultro
1775 1719 1890 1755 etiam
1914 1718 2045 1754 uxori-

1159 1788 1229 1826 bas
1257 1788 1510 1825 ancillantur.

1211 1859 1384 1896 DEGERE
1415 1863 1475 1896 est
1502 1872 1630 1909 agere.
1660 1857 1869 1896 Lucretius
1897 1856 1967 1894 lib.
1992 1871 2043 1894 11:

1157 1942 1263 1973 obolo.
1289 1946 1377 1972 state
1401 1940 1491 1973 Ven.
1517 1940 1628 1971 decem
1651 1940 1790 1971 habeam
1813 1941 1864 1972 M.
1900 1941 1963 1972 vix
1985 1937 2042 1968 Ιια-

1158 1998 1261 2034 beam,
1277 2009 1342 2028 rem
1353 1998 1439 2028 satis
1452 1997 1512 2040 qui
1521 1996 1672 2028 delieem.
1698 1996 1791 2027 Idem
1800 1993 2042 2026 Pausimacho.

1157 2054 1255 2084 immo
1278 2065 1355 2084 vero
1379 2053 1433 2084 lz'z'c
1456 2058 1553 2088 ante,
1585 2053 1652 2083 soli
1676 2052 1757 2083 dum.
1781 2063 1908 2088 sumus,
1932 2050 2044 2081 dolica

1159 2109 1289 2153 ejLips.
1315 2120 1366 2152 ep.
1396 2122 1427 2153 q.
1457 2109 1494 2145 1,
1524 2108 1584 2140 18.
1630 2107 1711 2139 aelle
1743 2108 1788 2140 G.
1821 2109 1904 2139 Mss.
1936 2105 2043 2137 Mero.

1158 2166 1223 2198 W.
1248 2166 1288 2196 L.
1308 2163 1508 2196 435.535.
1536 2163 1660 2195 Lache.
1690 2164 1790 2195 Laeli.
1815 2164 1910 2194 immo
1935 2161 2045 2204 Spen-

1159 2222 1224 2264 gel.
1264 2221 1319 2253 hic
1355 2227 1434 2252 ante
1464 2221 1552 2252 Ven.
1590 2222 1636 2252 A.
1669 2219 1758 2252 585.
1789 2219 1825 2251 J.
1861 2218 1941 2249 haec
1965 2224 2043 2249 ante

1157 2278 1250 2320 ng.
1274 2277 1430 2313 laudem,
1459 2277 1700 2308 Lachis..soli
1724 2277 1778 2306 ius
1801 2287 1898 2305 suum
1915 2274 2043 2316 chcal.

1157 2336 1249 2366 alias
1275 2335 1320 2366 B.
1370 2335 1440 2366 alio
1464 2345 1506 2364 ex
1530 2333 1668 2365 erimine
1693 2332 1725 2363 b.
1765 2331 1893 2362 delicat
1919 2331 1979 2362 cfr.
2009 2339 2044 2364 30

1159 2404 1192 2435 p.
1222 2389 1296 2427 98,
1331 2390 1367 2422 7.
1406 2391 1507 2421 istum
1532 2391 1577 2420 in.
1611 2389 1655 2421 al.
1678 2401 1734 2430 ap.
1771 2388 1912 2418 Dusam.
1947 2387 2041 2428 ng.

1158 2446 1277 2478 delicet
1303 2447 1356 2477 nti
1387 2452 1488 2490 atque
1516 2447 1563 2476 A.
1609 2445 1714 2475 Dusa.
1750 2444 1783 2475 J.

1160 2504 1262 2534 utilia
1288 2508 1389 2546 atque
1414 2502 1553 2545 chere.
1593 2502 1662 2531 nisi
1686 2501 1720 2531 υἱ
1752 2506 1801 2531 at·
1828 2495 2042 2542 (pag.9.78.)

1161 2571 1223 2603 que
1236 2558 1431 2601 ch‹·rlach.
1457 2563 1492 2588 u!
1507 2558 1563 2588 via
1582 2556 1629 2588 G.
1647 2554 1857 2598 delenesicwn
1873 2556 1963 2586 Edd.
1989 2555 2042 2586 de-

1161 2616 1264 2660 lingis
1290 2615 1434 2658 churn.
1462 2612 1531 2649 28,
1557 2611 1591 2644 8.
1640 2612 1765 2643 delinit
1796 2612 1839 2643 A.
1876 2613 1982 2643 Dusa.
2006 2610 2041 2642 J.

1157 2672 1364 2715 pracsternit
1397 2671 1421 2701 I.
1454 2669 1589 2700 deliciis
1621 2668 1787 2711 chuliel.
1822 2668 1864 2706 2,
1900 2669 1932 2700 1.
1971 2668 2041 2699 del.

1435 2725 1561 2756 delicat
1585 2724 1662 2755 hinc
1687 2724 1814 2755 delenit
1838 2737 1949 2756 amore
1984 2724 2042 2768 ch

1831 2443 1938 2474 delire
1972 2449 2044 2473 tute

1158 2727 1256 2759 odore
1280 2727 1389 2758 Busa.

1158 2784 1252 2815 Dusa
1277 2784 1311 2814 in
1335 2782 1576 2823 praecidaueis
1613 2792 1675 2824 pro
1712 2781 1797 2813 Tib.
1837 2793 1890 2823 cp.
1921 2780 1981 2812 17.
2010 2791 2041 2814 ¹0

1158 2841 1241 2871 velit
1264 2839 1461 2882 prochre.
1490 2837 1581 2875 269,
1611 2837 1675 2869 (29.
1711 2837 1843 2882 (ἶρΙῐῙΙαί
1870 2839 1937 2869 ΠΤ.
1974 2837 2040 2868 cfr.

1158 2909 1189 2939 p.
1205 2895 1297 2929 501.
1320 2894 1377 2926 10.
1413 2894 1520 2926 elidat
1546 2893 1741 2938 cherlaeh.
1777 2907 1895 2926 omnes.
1920 2894 2041 2926 delinit
