2174 3267
535 175 566 212 Ι.
620 173 694 211 DE
722 171 1129 213 PROPRIETATE
1160 173 1487 214 SERMoNUM.

95 289 162 321 aut
200 299 220 320 a
255 282 399 319 halatu.
437 281 603 319 Plautus
636 283 676 319 in
710 282 977 335 Amfitryone:

95 354 184 408 qui,
213 350 376 395 malum,
404 351 627 404 intellegere
651 353 857 407 quisquam
878 355 978 406 potis

95 421 178 460 est?
225 422 282 458 ita
321 435 448 473 nugas
490 421 618 459 blatis.
674 422 723 459 In
750 421 979 460 Aulularia:

92 491 158 529 ubi
179 496 222 528 tu
245 504 308 535 es,
348 505 434 546 quoe
473 492 728 530 deblaterasti
762 492 841 529 iam
886 493 975 529 vici-

91 561 154 598 nis
184 560 358 598 onmibus
373 560 392 597 ?

142 631 432 675 PERCONTAm,
495 631 709 682 diligenter
766 632 978 684 inquirere.

91 701 257 739 Plautus
278 701 544 753 Amfitryone:
576 702 646 756 qui
671 703 770 739 istuc
792 703 833 739 in
855 708 981 739 mente

92 777 150 808 est
177 770 248 808 tibi
285 785 332 808 ex
368 784 450 815 me,
481 772 533 808 mi
565 772 641 815 vir,
678 771 979 824 percontarier?

92 842 146 879 Et
177 847 237 879 est
270 841 498 893 proprietas
528 841 638 878 verbi
679 841 728 879 ab
759 856 806 880 eo
838 846 977 887 tracta,

95 920 141 949 20
161 911 268 964 quod
296 911 393 949 vada
434 912 474 949 in
502 911 724 949 fluminibus
752 913 879 950 contis
912 926 976 949 ex-

94 982 268 1033 quirunt.

145 1051 349 1089 PnomGtA
366 1052 471 1088 dicta
497 1056 588 1088 sunt
612 1065 731 1102 porro
769 1051 978 1100 adigenda.

94 1122 262 1159 Plautus
284 1121 550 1173 Amfitryone:
591 1122 674 1167 sed,
703 1121 855 1165 mulier,
876 1126 979 1174 post-

94 1204 210 1245 quam
233 1197 460 1243 experrecta
485 1203 549 1235 eS,
588 1196 625 1226 te
650 1190 865 1242 p1·odiyiali
896 1190 981 1228 Ιουί

92 1260 179 1298 Aut
203 1260 302 1296 mola
320 1260 426 1296 salsa
445 1260 582 1303 hodie,
610 1265 678 1296 aut
697 1266 786 1296 ture
816 1272 978 1312 conpre-

94 1335 220 1367 catam
248 1330 428 1383 oportuit.

147 1399 322 1437 CERmTl
349 1404 389 1437 et
414 1413 604 1445 LARVA'H,
624 1399 726 1437 male
746 1399 832 1436 sani
855 1404 895 1436 et
911 1404 978 1437 aut

95 1470 253 1508 Cereris
278 1471 335 1508 ira
350 1499 361 1515 ,
395 1475 462 1507 aut
487 1470 683 1508 larvarum
709 1470 977 1507 incursatione

94 1541 223 1578 animo
248 1541 391 1579 vexati.
420 1540 585 1578 Plautus
597 1540 866 1592 Amfitryone:
899 1540 979 1577 lar-

93 1616 222 1654 vatus3
231 1610 365 1664 edepol
374 1611 562 1647 homiuem
574 1611 754 1647 miserum
765 1610 779 1646 !
791 1610 979 1647 medicum

95 1681 290 1734 quoeritat.
312 1680 423 1717 Idem
444 1680 511 1731 qui
530 1693 646 1730 supra
662 1680 702 1716 in
713 1679 979 1732 Amfitryone:

99 1758 144 1787 30
167 1750 283 1804 quasi
310 1750 537 1786 advenienti
563 1749 691 1786 morbo
719 1750 903 1787 medicati
924 1750 980 1786 iu-

95 1833 176 1856 vem
189 1825 252 1855 :tu
266 1824 369 1856 certe
379 1824 448 1856 aut
462 1819 637 1855 larvatus
648 1831 702 1862 eS,
718 1824 787 1855 ant
799 1819 978 1856 cerritus.

149 1889 455 1934 CaLclTnoxEs,
486 1889 551 1941 qui
582 1889 772 1925 infestant
794 1888 982 1926 calcibus.

95 1959 262 1996 Plautus
285 1960 325 1996 in
348 1959 552 1997 Asinaria:
586 1959 740 2003 clamat,
772 1958 909 2012 procul
948 1960 987 1995 si

96 2026 151 2080 (p.
166 2023 259 2074 45.)
276 2042 388 2082 quem
402 2028 510 2064 videt
526 2029 583 2065 ire
599 2028 654 2065 ad
667 2042 707 2065 se
719 2029 979 2066 calcitronem.

95 2098 224 2137 Varro
262 2097 535 2149 Sesquiulixe:
586 2098 720 2153 itaque
754 2104 834 2135 tum
875 2113 981 2136 ecum

94 2169 326 2212 mordacem,
351 2167 626 2212 calcitronem,
646 2168 852 2205 horridum
875 2172 981 2208 miles

96 2251 141 2276 ac
168 2238 230 2275 vir
258 2251 336 2274 non
362 2236 525 2274 vitabat.

144 2367 176 2390 lo
199 2356 260 2388 Ιιοσ
272 2362 322 2387 επ
343 2357 380 2388 L.
393 2358 439 2388 A.
454 2356 489 2388 J.
504 2355 597 2388 Scal.
613 2356 782 2399 loqueris.
799 2379 806 2386 .
823 2380 830 2387 .
846 2353 981 2391 (lacuna

142 2412 225 2443 dim.
255 2408 330 2447 lin.)
376 2418 436 2444 aut
461 2412 530 2442 W.
554 2413 621 2444 Ms.
641 2412 676 2444 J.
715 2418 753 2443 ut
777 2412 916 2443 ablatnr
942 2413 980 2443 L.

141 2465 249 2504 (nulla
272 2466 419 2506 lacuna).
445 2470 583 2501 ablatus
609 2468 652 2511 ej.
679 2467 844 2500 Gerlach.
880 2468 982 2512 uagis

141 2525 247 2557 blatis
268 2526 309 2557 L.
347 2537 433 2570 quac
450 2525 674 2557 deblaterasti
699 2525 740 2557 L.
756 2526 802 2556 A.
835 2536 872 2559 20
891 2529 941 2555 est
965 2536 981 2554 e

141 2580 247 2615 MSS.
271 2581 320 2614 M.
345 2583 413 2614 W.
437 2583 477 2614 L.
521 2594 556 2613 es
581 2587 612 2613 te
648 2581 690 2625 ej.
714 2582 760 2614 Μ.
802 2587 852 2612 est
879 2579 981 2625 prod.

142 2639 187 2669 A.
212 2637 365 2669 thureA.
391 2638 653 2669 incursitatione
665 2648 733 2679 mg.
745 2637 780 2670 J.
806 2635 983 2682 quaescad-

817 2693 921 2724 Enim
946 2697 982 2722 tu

143 2760 172 2781 c.
198 2761 232 2781 a.
258 2751 285 2782 l.
311 2756 374 2781 aut
398 2763 427 2782 c.
451 2762 496 2782 es.
530 2750 666 2793 Edepol
689 2749 724 2781 Ῐι.
750 2755 781 2781 te
804 2750 902 2780 mis.!
943 2760 983 2778 m.

144 2806 290 2848 queen-ita
323 2806 363 2848 ej.
397 2806 539 2838 Acidal.
572 2818 627 2848 ap.
665 2805 728 2837 Gr.
763 2806 827 2837 Vl.
861 2817 894 2847 p.
920 2802 984 2834 54.

146 2861 210 2891 cfr.
236 2872 270 2902 p.
287 2861 380 2894 247.
400 2862 433 2893 7.
456 2862 657 2893 adveniente
681 2864 727 2894 A.
739 2862 774 2894 J.
798 2863 909 2892 iuvem
921 2859 986 2891 VV-

145 2914 253 2948 MSS.
278 2917 326 2950 M.
368 2919 520 2948 iuvenem
551 2918 591 2948 L.
620 2918 664 2950 A.
698 2917 733 2949 J.
773 2918 885 2948 vim-re
917 2925 985 2956 mg·

142 2694 297 2725 veniente
320 2706 365 2726 m.
391 2705 482 2725 nuuc
504 2694 670 2725 medicum
694 2694 771 2725 tibi.

1867 179 1923 218 51

1096 283 1284 320 Von'rtm
1305 289 1459 322 veteres
1477 283 1671 336 religione
1685 284 1816 336 aliqua
1835 299 1926 337 pro-

1044 352 1210 391 hibitum
1241 354 1304 391 vel
1331 354 1587 391 interdictum
1609 354 1686 392 dici
1707 354 1928 392 voluerunt.

1043 422 1207 460 Plautus
1239 424 1278 460 in
1304 423 1505 461 Asinaria:
1534 424 1619 461 nolo
1653 424 1758 461 illam
1786 424 1928 462 habere

1043 505 1221 536 emesam,
1250 498 1288 529 et
1310 493 1469 529 votitam
1496 493 1639 530 dicere.

1093 561 1343 599 VERBERARE
1374 576 1452 599 non
1489 563 1615 599 solum
1652 577 1673 600 a
1699 563 1929 601 verberibus

1045 630 1193 668 dictum
1216 636 1290 677 est,
1310 632 1381 669 scd
1405 636 1444 669 et
1471 648 1493 669 a
1522 632 1665 670 verbis.
1694 633 1859 671 Plautus
1880 642 1923 672 10

1045 700 1084 737 in
1106 701 1329 739 Aulularia:
1359 715 1451 738 natu.
1470 715 1542 739 cur
1564 715 1622 738 me
1645 703 1825 740 miseram
1843 717 1928 741 ver-

1043 770 1155 808 beras
1172 770 1190 807 ἱ)

1097 841 1259 878 casso-,u
1288 846 1443 880 veteres
1471 842 1587 879 inane
1615 847 1857 893 posuerunt3
1890 846 1928 879 et

1044 911 1314 949 arbitrandum
1351 915 1411 948 est
1452 911 1533 948 eius
1571 911 1682 949 verbi
1708 911 1928 963 proprieta-

1046 987 1124 1019 tem
1159 981 1281 1030 magis
1318 980 1366 1018 ab
1397 995 1627 1018 aranearum
1656 981 1833 1019 cassibus
1870 981 1927 1019 di-

1044 1057 1165 1097 ctam,
1206 1051 1314 1103 quod
1349 1051 1427 1088 sint
1452 1051 1550 1088 levis
1580 1065 1625 1088 ac
1657 1051 1804 1089 nullius
1826 1065 1927 1103 pon-

1043 1123 1163 1165 deris,
1179 1136 1272 1166 non,
1296 1127 1341 1158 ut
1363 1121 1597 1173 quibusdam
1618 1122 1788 1168 videtur,
1818 1121 1929 1174 quasi

1044 1205 1239 1243 quassum.
1261 1191 1428 1227 Plautus
1444 1192 1484 1227 in
1497 1191 1724 1228 Aulularia:
1740 1192 1928 1243 virginem

1041 1260 1161 1297 habeo
1199 1259 1414 1311 yt’artdetn,
1476 1261 1564 1297 dote
1614 1273 1764 1297 cassam
1814 1266 1931 1316 atque

1043 1328 1294 1367 inlocabilcm.

1094 1400 1303 1451 Propriam
1341 1413 1550 1437 corvorum
1584 1411 1721 1436 vocem
1757 1397 1930 1436 Cnocm-

1044 1483 1128 1507 Tcn
1151 1474 1306 1507 veteres
1336 1482 1422 1506 csse
1448 1468 1668 1508 voluerunt.
1697 1468 1864 1506 Plautus
1887 1468 1928 1505 in

1043 1541 1269 1579 Aulularia:
1315 1540 1428 1577 simul
1458 1539 1623 1576 radebat
1653 1538 1817 1593 pedibas
1852 1544 1929 1576 ter-

1044 1624 1154 1655 ram,
1183 1616 1219 1648 et
1247 1624 1336 1648 voce
1367 1609 1559 1648 croccibat
1585 1622 1671 1646 sua.
1879 1615 1925 1645 20

1099 1682 1304 1718 SUBLEviT
1342 1681 1538 1732 significat
1580 1679 1719 1717 inlusit
1768 1682 1808 1715 et
1852 1691 1927 1729 pro

1044 1751 1213 1787 ridiculo
1238 1751 1389 1795 hahuit,
1418 1755 1587 1787 tractum
1610 1764 1630 1787 a
1660 1762 1806 1800 genere
1827 1747 1928 1792 ludi,

1046 1833 1123 1871 quo
1150 1819 1436 1856 dormientibus
1458 1833 1525 1857 ora
1552 1819 1781 1870 pinguntur.
1810 1816 1930 1854 Plau-

1045 1894 1107 1926 tus
1132 1889 1171 1925 in
1195 1888 1418 1925 Aulularia:
1459 1887 1556 1937 fidei
1585 1886 1783 1925 censebam
1808 1887 1929 1923 maxi-

1044 1972 1144 1995 mam
1178 1958 1295 1995 multo
1325 1957 1443 2007 fidem
1475 1955 1576 1995 Esse
1586 1972 1600 2001 ,-
1630 1970 1677 1993 ea
1701 1956 1862 1994 sublevit
1888 1969 1929 1992 os

1044 2028 1140 2065 mihi
1161 2029 1394 2081 peuissume.

1097 2098 1291 2135 INVESTES
1316 2097 1501 2135 dicuntur
1526 2096 1754 2148 inpuberes,
1784 2095 1927 2148 quibus

1045 2172 1215 2219 propter
1264 2172 1442 2204 teneram
1485 2171 1641 2204 aetatem
1688 2166 1796 2203 nulla
1836 2179 1928 2217 pars

1046 2238 1227 2289 corporis
1250 2237 1360 2289 pilat.
1390 2237 1483 2275 Hoc
1504 2241 1544 2275 et
1573 2236 1663 2275 AEn.
1688 2236 1758 2274 lib.
1790 2236 1930 2289 quinto

1090 2355 1123 2387 J.
1149 2356 1212 2387 cfr.
1231 2355 1369 2388 Victor.
1396 2356 1440 2387 V.
1466 2356 1506 2386 L.
1531 2355 1567 2387 4.
1593 2359 1680 2387 extr.
1708 2353 1797 2387 Gell.
1822 2354 1860 2386 4.
1888 2353 1930 2389 Ως

1088 2412 1268 2443 medicasti
1292 2412 1446 2443 iuvenem
1472 2412 1513 2455 cj.
1542 2411 1705 2444 Gerlach.

1046 2479 1125 2511 pag.
1149 2467 1216 2499 45.
1257 2468 1351 2499 videt
1385 2469 1435 2499 ire
1465 2468 1510 2500 ad
1541 2481 1576 2500 se
1599 2470 1684 2500 calc.
1723 2469 1790 2500 ἲν.
1815 2468 1854 2499 L.
1882 2469 1928 2499 A.

1090 2523 1218 2555 viderit
1241 2524 1287 2555 ad
1310 2537 1345 2555 sc
1368 2525 1418 2555 ire
1451 2524 1498 2555 Μ.

1091 2591 1212 2623 equum
1235 2581 1283 2613 Μ.
1324 2580 1486 2612 horridus
1509 2592 1576 2623 mg.
1599 2581 1634 2613 J.
1659 2580 1838 2612 Victorius
1871 2581 1930 2624 qui

1094 2635 1275 2677 coniungit
1298 2635 1408 2679 p.49.
1428 2636 1463 2668 5.
1496 2637 1640 2680 Popma.
1682 2637 1824 2668 vetitum
1853 2635 1930 2668 MS.

1093 2691 1243 2723 Dorvill.
1271 2693 1375 2724 etiam
1392 2693 1427 2724 in
1444 2693 1571 2725 Plauto
1596 2694 1737 2724 vetitum
1754 2692 1796 2736 cj.
1810 2693 1931 2724 Lamb.

1094 2747 1152 2777 scd
1190 2748 1351 2780 defendit
1382 2749 1545 2782 Reuveus
1578 2760 1612 2791 p.
1639 2747 1703 2781 89.
1745 2752 1785 2780 ut
1807 2755 1932 2785 voster,

1095 2804 1383 2837 vortexLindem.
1410 2804 1637 2849 Capt.p.52.
1667 2804 1930 2836 Votitumdevo-

1096 2864 1179 2896 tum,
1191 2861 1389 2905 religiosum
1406 2863 1474 2893 XV.
1494 2873 1602 2904 marg.
1620 2859 1717 2896 (voto
1731 2861 1932 2894 obstrictam

1098 2914 1341 2960 praepeditam)
1373 2918 1498 2961 explic.
1524 2918 1652 2952 Guliel.
1673 2918 1706 2950 1.
1727 2917 1787 2951 15.
1826 2928 1857 2950 ιο
1880 2915 1931 2948 di-

1547 2531 1584 2556 tu
1609 2536 1734 2556 mecum
1766 2524 1812 2556 A.
1861 2530 1930 2555 tam
