2174 3267
407 180 485 218 111.

92 301 168 325 ne:
199 286 331 338 edepol
364 287 597 338 condignum
625 287 789 333 donum,
823 290 971 334 cule'st‚

90 358 160 412 qui
185 357 325 394 donum
351 356 475 394 dedit.

89 424 144 478 (p.
160 421 278 469 199.)

87 495 325 547 appellatur.
355 494 590 533 Sallustius:
615 504 718 550 post,
746 498 813 536 ubi
837 506 969 537 conta-

354 425 563 464 CONTAfflo
600 427 787 466 feminino
825 444 970 480 genere

82 566 146 616 ⁴qio
169 565 287 618 quasi
312 565 537 622 pestilentia
567 568 728 605 invasit.
770 581 968 607 CONTAG1A

84 638 227 672 neutro
264 633 477 673 Lucretius
511 635 580 672 lib.
605 649 669 673 111:
698 639 856 691 quando
886 642 969 693 qui-

83 704 168 741 dem
190 710 404 756 penetrant
436 706 478 742 in
507 719 592 743 eum
625 708 808 760 contagia
831 709 965 746 morbi.

82 773 298 823 Virgilius:
336 788 407 812 nec
429 775 533 813 mala
560 776 682 814 vicini
702 779 853 830 pecoris
879 792 967 816 con-

80 844 189 895 taqia
214 843 384 881 laedent.

134 912 355 950 CATELLAE
396 914 669 953 diminutivum
713 921 774 954 est
809 922 966 956 eatena-

81 996 187 1028 rum,
219 988 260 1020 et
279 983 463 1022 dicuntur
478 998 625 1036 genere
640 986 840 1024 feminine.
867 986 966 1025 Cae-

86 1059 130 1089 10
169 1052 284 1090 cilius
313 1052 472 1091 Plocio:
503 1055 681 1092 catellae.
723 1056 916 1094 Neutrum
945 1072 966 1094 a

80 1121 235 1159 catellis
270 1122 451 1161 similiter
489 1124 763 1163 diminutivum
800 1126 966 1164 Plautus

81 1191 340 1230 Curculione:
392 1194 601 1232 delicatum
650 1201 687 1231 te
742 1196 855 1232 hodie
902 1195 965 1247 fa-

78 1262 197 1305 ciam,
240 1276 325 1298 cum
357 1263 495 1300 catello
529 1269 574 1300 ut
604 1264 789 1307 accubes;
826 1265 966 1309 Ferro,

80 1344 147 1383 eqo
177 1332 276 1368 dico.

132 1400 293 1439 Commu
324 1403 454 1440 neutri
487 1408 548 1441 est
582 1404 754 1454 generis.
812 1418 963 1442 conum

77 1471 285 1509 masculini
318 1472 486 1510 Plautus
512 1473 716 1511 Poenulo:
746 1476 819 1511 tris
847 1474 965 1526 facile

77 1541 200 1578 corios
227 1544 445 1580 contrivisti
464 1543 634 1580 bubulos.
665 1544 794 1582 Varro
821 1545 965 1582 Eume-

77 1611 258 1648 nidibus:
288 1627 392 1649 nunc
418 1615 545 1650 corius
568 1614 711 1651 ulmum
731 1620 822 1652 tuus
844 1616 964 1666 depa-

77 1681 133 1717 vit
146 1709 156 1725 ‚
183 1683 313 1733 pergas
325 1681 343 1718 ?
370 1681 481 1719 heia!

131 1749 248 1787 CALx
293 1756 354 1787 est
398 1752 556 1801 generis
608 1752 798 1789 seminini.
854 1752 964 1801 Virg.

77 1819 147 1856 lib.
174 1834 250 1857 xu:
278 1819 437 1872 ferrata
455 1821 559 1858 calce
575 1820 735 1873 fatiqat.
768 1821 869 1858 Calx
884 1836 963 1858 ma-

77 1889 220 1927 sculini
232 1890 398 1928 Plautus
407 1890 587 1928 Poenulo
603 1905 612 1926 :
642 1893 737 1945 quin
754 1892 868 1943 prius
885 1893 963 1928 dis-

79 1967 126 1997 20
144 1961 289 2011 perivit
311 1960 427 2011 faxo,
454 1974 571 2014 quam
596 1974 716 1998 unum
746 1961 887 1998 calcem
913 1962 963 1998 ci-

76 2069 235 2112 chigon.
270 2070 412 2102 Victor.
449 2071 620 2113 Leopard.
647 2071 695 2102 Μ.
741 2077 766 2103 t.
793 2072 963 2103 currentis

75 2135 112 2161 30
136 2137 224 2157 eurr.
252 2126 322 2169 ch.
349 2127 472 2170 adepol
496 2128 565 2159 XV.
603 2132 690 2159 cont.
718 2127 790 2158 orbi
814 2128 852 2158 L.
890 2128 964 2159 vini

75 2178 170 2225 (pag.
190 2179 298 2219 199.)
319 2183 452 2225 pecoris
475 2184 515 2214 L.
539 2184 610 2215 vici
627 2179 812 2227 (suprascr.
826 2179 877 2219 ni)
887 2195 961 2228 pec.

78 2248 111 2273 10
134 2240 202 2271 W.
246 2239 360 2282 ferreo
388 2239 508 2272 1526.
534 2240 611 2272 JM.

75 2295 158 2327 edd.
184 2296 308 2327 bubulo
333 2296 373 2327 L.
410 2298 557 2328 culmum
581 2302 661 2327 tuus
687 2295 868 2339 chopma.
906 2296 961 2327 ‹le-

71 2351 175 2393 puvit
202 2350 322 2383 1526.
343 2352 537 2396 J,Popma.
560 2364 598 2396 p.
616 2352 698 2383 hera
722 2352 794 2387 AJ.
814 2353 961 2394 Popma.

74 2418 111 2442 20
135 2408 195 2439 lib.
205 2409 256 2439 xi.
271 2409 323 2440 M.
349 2408 531 2453 disperibit
541 2408 616 2441 JM.
642 2408 836 2451 disperavit
860 2409 900 2443 L,
915 2408 962 2440 A.

75 2464 200 2495 calcem
212 2462 336 2508 cjuerit
360 2465 402 2496 L.
428 2476 458 2497 c.
484 2466 595 2510 querit
621 2464 667 2496 A.
693 2465 890 2508 marcopoli‚
911 2476 962 2495 su<

74 2521 219 2562 pet-add.
245 2521 279 2553 bi
301 2522 344 2554 L.

74 2576 214 2608 Fruter.
230 2578 368 2609 missum
382 2578 460 2610 vehi
474 2579 528 2610 vel
541 2579 613 2611 labi
624 2579 803 2621 chopma.
815 2590 856 2609 m.
867 2578 962 2608 laeve

75 2631 250 2674 chruter.
289 2635 410 2666 ultimo
433 2635 506 2666 leve
529 2636 667 2665 missum
701 2634 830 2677 chcal.
871 2644 959 2665 carc.

656 2241 791 2284 qeneris
805 2254 812 2270 ε
849 2241 962 2271 συνίης

763 2521 907 2552 neminis
931 2520 961 2563 cj

394 2522 545 2566 bimarqo
569 2520 648 2553 πόλι
674 2521 718 2554 Α.

74 2688 190 2718 anima
220 2690 360 2721 missum
395 2690 527 2733 chips.
573 2701 642 2721 cur.
667 2691 807 2721 missum
832 2702 852 2720 a
874 2701 960 2720 carc.

75 2744 195 2776 intimo
219 2745 291 2777 labi
315 2746 514 2789 chulielm.
540 2747 642 2779 Voss.
669 2759 791 2778 acurc.
804 2746 961 2777 emissum

75 2801 195 2833 intimo
209 2802 281 2833 labi
296 2803 344 2835 Μ.
370 2802 495 2848 aequor
510 2804 589 2835 edd.
614 2804 659 2835 ad
676 2815 703 2834 c.
717 2804 800 2834 sivit
814 2803 958 2845 Popma.

75 2857 161 2888 sinit
185 2856 352 2890 Gulielm.
377 2860 426 2891 M.
466 2860 558 2890 subit
582 2860 722 2891 Frater.
747 2858 839 2891 Scnl.
866 2858 959 2900 Lips.

78 2912 162 2943 tulit
187 2912 265 2954 ch.
281 2913 326 2944 D.
364 2914 561 2946 Prometheo
592 2916 683 2946 libus
711 2910 766 2949 (us
792 2925 899 2957 comp.
928 2917 961 2944 ct

541 179 614 218 DE
643 179 884 221 INDISCR.
915 181 1117 224 GENER.
1145 183 1253 224 PER
1281 184 1579 224 LITTERAS.

1835 191 1922 230 135

1035 292 1147 328 verit.
1193 291 1321 330 Varro
1357 292 1584 346 Marcopoli
1625 292 1725 347 περὶ
1767 287 1919 352 ἆρχῆςε

1035 362 1184 398 nemini
1205 362 1385 400 Fortuna
1411 377 1569 402 cm'rum
1597 378 1621 402 a
1642 379 1799 404 carcere
1828 369 1920 406 inti-

1035 444 1094 467 mo
1134 431 1291 468 missum
1328 433 1404 470 levi
1442 433 1680 487 Inoffensum
1704 450 1777 490 per
1807 451 1922 476 aecor

1035 500 1245 537 candidum
1271 502 1326 538 ad
1355 502 1497 539 calcem
1525 504 1624 542 sibit.

1088 569 1260 606 GoRTEx
1295 571 1500 623 utriusque
1528 577 1589 609 est
1617 575 1785 624 generis.
1833 576 1920 614 Ma-

1035 638 1175 676 sculini
1205 639 1332 677 Varro
1367 639 1608 679 Prometheo
1641 642 1733 680 lil).:
1768 651 1849 683 tum
1878 653 1922 684 ut

1033 708 1069 745 si
1094 721 1288 760 supernus
1326 716 1456 747 cortex
1488 717 1558 748 aut
1599 716 1800 752 cacumina
1835 715 1920 752 Mo-

1033 779 1202 816 rientum
1225 780 1267 815 in
1291 785 1505 834 querqueto
1540 786 1578 818 et
1603 782 1785 820 arhor-um
1813 798 1921 822 atna-

1033 849 1218 886 ritudz‘ne.
1267 848 1381 886 Idem
1408 850 1614 897 Tithono,
1643 848 1743 904 περὶ
1759 843 1916 906 γήρωςε

1031 919 1086 955 sic
1106 919 1312 956 invitatam
1336 925 1494 957 matura
1528 922 1660 959 anima
1694 936 1919 976 corporeum

1032 989 1209 1025 corticem
1223 988 1340 1040 facile
1354 990 1526 1043 reliquit.
1558 991 1670 1042 Vir-g.
1687 992 1757 1030 lib.
1772 1008 1846 1031 vn:
1865 1003 1911 1032 30

1030 1063 1170 1110 raptus
1189 1057 1236 1094 de
1251 1057 1387 1096 subere
1401 1064 1545 1097 cortex.
1575 1060 1608 1097 F
1613 1061 1785 1100 eminino
1808 1063 1918 1115 Virg.

1489 1129 1748 1168 Fetontiadas
1791 1146 1920 1171 musco

1030 1196 1247 1232 circumdat
1284 1209 1448 1234 amarae
1480 1197 1659 1236 Corticis.

1031 1127 1072 1163 in
1101 1126 1321 1164 Bucolicis:
1365 1133 1446 1165 tum

1706 1200 1918 1241 Lucretius

1030 1263 1099 1301 lib.
1113 1279 1194 1301 1111:
1225 1278 1326 1319 qliae
1347 1267 1464 1319 quasi
1484 1267 1710 1306 membrana
1728 1267 1784 1322 (p.
1799 1268 1920 1318 200.)

1028 1334 1088 1370 vel
1115 1339 1246 1370 cortex
1273 1336 1546 1373 nominitanda
1576 1343 1646 1374 est.

1082 1403 1223 1441 CALOR
1241 1405 1399 1454 generis
1412 1406 1627 1444 masculini.
1649 1407 1758 1460 Virg.
1770 1408 1919 1462 Georg.

1029 1473 1098 1511 lih.
1114 1487 1162 1510 11:
1191 1475 1228 1511 si
1244 1487 1322 1511 non
1345 1480 1460 1513 tanta
1490 1477 1598 1530 quies
1621 1479 1696 1515 iret
1713 1478 1920 1535 frigusque

1029 1544 1271 1598 caloremque
1281 1545 1408 1583 Inter.
1432 1545 1570 1584 Neuiri
1581 1547 1748 1586 Plautus
1761 1549 1806 1586 M
1810 1564 1918 1588 erca-

1029 1618 1116 1652 tore
1131 1629 1140 1650 :
1170 1628 1295 1669 neque
1313 1615 1444 1668 frigus
1460 1630 1585 1671 neque
1598 1618 1763 1656 calorem
1775 1625 1915 1658 metuo.

1082 1683 1238 1721 CAsts
1276 1687 1433 1735 generis
1472 1687 1691 1724 masculini.
1734 1689 1847 1740 Virg.
1877 1691 1919 1727 in

1027 1753 1249 1791 Bucolicis:
1275 1757 1434 1807 pinquis
1472 1762 1510 1794 et
1550 1758 1733 1809 ingratae
1767 1773 1916 1811 preme-

1027 1828 1139 1859 retur
1164 1836 1300 1860 caseus
1328 1825 1430 1862 urbi.
1487 1839 1631 1863 cAsi-:US
1674 1829 1805 1865 neutri
1833 1828 1916 1866 No-

1027 1892 1114 1929 vius
1149 1892 1344 1931 Maccho:
1384 1897 1552 1947 pecunia
1594 1894 1732 1943 Quid?
1779 1897 1918 1936 bonum»

1026 1961 1138 1998 breve
1165 1968 1244 2006 est,
1278 1965 1481 2016 respondi,
1513 1964 1656 2004 Sardis
1680 1967 1838 2004 veniens
1871 1975 1914 2006 10

1028 2084 1064 2103 ro
1090 2068 1278 2115 superscr.)
1310 2078 1380 2104 tum
1409 2075 1488 2105 uisu
1513 2086 1590 2118 sper
1620 2076 1786 2107 subcrnus
1825 2071 1917 2121 (sper

1029 2138 1141 2170 comp.
1155 2152 1162 2164 ‚
1187 2139 1250 2170 pro
1269 2129 1287 2159 b
1304 2139 1475 2171 supet-scr.
1493 2128 1531 2174 Γ)
1544 2154 1550 2160 .
1567 2155 1574 2162 ,
1587 2131 1623 2161 ἱη
1641 2142 1769 2175 querqu
1795 2127 1916 2167 (litura

1028 2186 1063 2214 et
1088 2196 1108 2214 u
1139 2181 1326 2227 superscr.)
1370 2191 1401 2216 et
1440 2187 1598 2217 arborum
1631 2188 1840 2220 arundinem
1876 2189 1915 2221 L.

1026 2240 1182 2271 arborum
1200 2241 1392 2277 aritudine‚
1417 2253 1592 2284 suprascr.
1610 2255 1681 2280 am,
1708 2247 1748 2275 ut
1762 2246 1809 2276 sit
1822 2257 1912 2276 arua—

1028 2296 1180 2327 ritudine
1195 2297 1265 2329 VV.
1293 2301 1362 2327 tum
1377 2298 1472 2328 visus
1488 2310 1657 2342 supernus
1680 2299 1752 2337 AJ‚
1770 2300 1913 2343 Popma.

1028 2352 1108 2383 dum
1132 2353 1178 2383 iis
1200 2353 1366 2384 subernus
1388 2353 1483 2386 Scal.
1508 2354 1544 2385 in
1569 2366 1693 2398 qtccrcu
1717 2356 1796 2392 AJ‚
1821 2356 1913 2388 Scal.

1028 2408 1173 2451 Popma.
1220 2409 1377 2440 arborum
1405 2421 1471 2441 om.
1498 2410 1590 2442 Scal.
1632 2412 1841 2443 aritndinem
1866 2415 1913 2444 A.

1028 2464 1204 2496 aritudine
1220 2464 1315 2497 Scal.
1341 2465 1561 2498 altitudinem
1582 2465 1700 2499 1526.
1725 2469 1915 2500 altitudine

1026 2520 1062 2552 J.
1087 2521 1251 2551 subernus
1275 2533 1302 2552 c.
1326 2521 1372 2553 ml
1394 2533 1420 2552 c.
1446 2522 1494 2553 M.
1514 2523 1549 2554 in
1563 2529 1745 2565 querqueto
1756 2524 1914 2556 arborum

1026 2576 1203 2610 aritudine
1227 2577 1367 2621 cjnoth.
1395 2578 1514 2610 Titone
1538 2579 1586 2617 L,
1607 2578 1657 2611 A.
1693 2581 1843 2612 invitata
1867 2593 1910 2612 m.

1027 2632 1182 2665 Turneb.
1206 2633 1240 2665 J.
1265 2634 1409 2678 Popma.
1453 2636 1604 2667 invitata
1629 2648 1650 2666 α
1673 2641 1801 2667 natura
1827 2635 1912 2679 ch.

1027 2689 1192 2728 relinquit
1226 2690 1274 2727 L,
1299 2690 1371 2723 AJ.
1407 2691 1575 2734 feminino
1600 2704 1677 2724 vero
1701 2693 1738 2723 in
1762 2693 1792 2724 b.
1817 2693 1858 2730 L,
1877 2702 1913 2727 30

1027 2745 1098 2776 AJ.
1112 2745 1408 2779 Phaethontiadas
1424 2749 1502 2780 edd.
1527 2749 1734 2781 nominanda
1747 2745 1913 2792 <p.200.)

1026 2801 1091 2832 'VV-
1115 2800 1216 2833 Color
1228 2803 1268 2834 L.
1298 2804 1397 2848 Virq.
1414 2816 1446 2847 p.
1462 2803 1555 2841 510,
1571 2804 1637 2836 52.
1651 2804 1744 2842 526,
1760 2805 1822 2838 11.
1848 2818 1910 2836 non

1027 2863 1158 2888 tantum
1182 2858 1220 2889 L.
1245 2860 1359 2890 neuiri
1374 2871 1440 2891 om.
1453 2862 1519 2897 VV,
1535 2861 1612 2892 edd.
1638 2863 1753 2893 neutri
1767 2861 1911 2904 choth.

1027 2919 1144 2945 neutro
1170 2914 1414 2948 desiderabant
1438 2916 1484 2947 M.
1503 2917 1668 2958 Rurgers.
1692 2930 1797 2962 neque
1823 2918 1914 2949 calor
