2174 3267
385 191 485 229 1111.
537 191 610 229 DE
640 191 813 230 VARIA
840 191 1305 234 SIGNIFICATIONE
1333 195 1663 236 SERMONUM.

91 298 282 352 telumque
322 297 467 334 imbelle
516 299 599 335 sine
648 299 725 335 ictu
781 298 964 337 Coniecit.

91 368 278 405 Afranius
300 367 539 404 Simulante:
567 367 713 413 vellem,
739 368 967 407 intervenis-

90 450 169 473 sem
198 442 303 474 ante.
351 449 441 473 nam
472 442 515 473 ut
536 437 649 489 siqna
671 438 872 482 indicant,
911 439 970 476 Hi

91 507 288 544 coniecere
326 505 443 543 verba
479 506 582 543 inter
617 519 658 544 se
691 509 834 545 acrius.
876 509 967 547 Coi-

91 589 196 621 cere,
220 575 423 627 colligere,
447 580 610 614 certare.
640 577 825 615 Afranius
840 579 967 617 Simu-

93 652 138 682 30
158 644 285 682 laute:
309 646 423 682 nolim
443 650 567 682 mater
586 659 645 682 me
662 655 868 698 praesente
882 663 966 687 cum

85 718 202 767 patre
240 716 405 759 coicere,
439 729 518 752 non
550 717 632 752 sine
665 730 744 753 non
776 719 852 763 vis,
894 721 966 756 mel

87 797 224 821 meum.
269 785 458 830 (inicere,
496 799 623 835 agere.
666 786 850 824 Afranius
880 789 964 826 Ma-

87 854 269 891 terteris:
289 867 445 892 causam
459 857 601 893 coicere
615 856 726 894 hodie
741 858 797 895 acl
814 864 850 894 te
868 859 963 896 volo.

88 923 252 961 Ambon'
297 925 473 962 adestis?
513 926 737 980 profuturos
779 928 963 966 arbitror.

90 990 102 1030 (
107 1007 146 1044 p.
160 989 280 1039 268.)
301 994 481 1039 Coicere,
499 997 634 1042 furari,
659 998 822 1035 auferre.
850 999 965 1036 Afra-

90 1064 176 1101 nius
197 1064 408 1102 lucendio:
438 1079 570 1104 servus
597 1072 655 1104 est
676 1067 771 1104 mihi
790 1068 965 1113 Nicaszb,

87 1132 323 1179 Sceleratus,
345 1135 536 1180 curiosus3
560 1136 592 1173 is
620 1150 704 1173 cum
727 1136 807 1187 filio
830 1139 868 1174 ei
890 1139 963 1175 coi-

88 1216 174 1240 cere
216 1205 271 1240 ad
301 1206 427 1241 nescio
463 1206 559 1258 quid
591 1206 640 1242 de
665 1206 961 1244 latr-atiuncula.

87 1272 264 1310 Lucilius
306 1273 376 1311 lih.
403 1288 450 1311 11:
491 1275 588 1329 qzcid
630 1275 758 1312 dicis?
799 1290 870 1314 cur
907 1282 964 1314 est

85 1341 256 1394 factum,
284 1343 389 1396 quod
412 1344 526 1381 coicis
553 1344 682 1382 istuc?

143 1413 405 1451 communae
433 1418 491 1450 est
516 1418 689 1464 tangere.
726 1414 836 1465 virg.
862 1415 964 1452 Aen.

84 1481 153 1520 lib.
172 1497 234 1520 111:
261 1482 471 1538 funemque
491 1497 608 1520 manu
629 1485 850 1537 contingere
864 1497 963 1535 qau-

84 1552 191 1590 dent.
233 1552 499 1604 Contffigere,
527 1554 699 1591 evenire.
726 1553 784 1591 M.
804 1554 963 1592 Tullius

91 1628 134 1659 10
166 1621 235 1659 lib.
253 1635 299 1658 v:
328 1623 433 1676 quod
464 1637 541 1659 non
572 1624 682 1660 modo
710 1624 870 1675 sin-qulis
897 1623 962 1661 Ιιο-

83 1690 262 1735 minibus,
287 1691 358 1728 sed
378 1694 653 1745 potentissimis
680 1693 829 1745 populis
849 1706 965 1746 saepe

85 1761 256 1812 contigit.
305 1761 455 1798 Ennius
501 1762 672 1813 Tyeste:
716 1776 831 1816 quam
871 1763 966 1798 mihi

84 1831 248 1867 maxime
269 1830 330 1867 hic
352 1831 466 1867 hodic
492 1832 694 1882 contiqerit
720 1832 874 1868 malum.

138 1899 356 1937 CONFERRE
384 1900 707 1951 significationem
740 1900 862 1938 hahet
883 1915 962 1938 ma-

83 1969 275 2007 nifestam.
303 1969 360 2007 M.
380 1971 538 2008 Tullius
565 1970 612 2007 de
638 1969 790 2007 Officiis
818 1970 886 2007 lib.
909 1984 956 2007 n:

82 2087 244 2118 coniicere
266 2085 564 2118 476485511.
588 2086 624 2118 Izi
639 2088 785 2119 conicere
807 2088 872 2119 W.
893 2099 956 2130 pro

81 2143 240 2187 colligere
265 2142 308 2185 cj.
347 2143 524 2187 confliqere
548 2143 652 2174 Mel-c.
677 2142 785 2175 Neuk.
834 2143 905 2173 noli
928 2142 956 2185 ej

82 2207 118 2233 30
140 2199 248 2230 Mero.
273 2198 406 2230 Brukh.
441 2200 484 2230 ad
509 2199 589 2230 Tib.
617 2199 648 2230 1.
674 2198 717 2236 9,
747 2198 811 2230 55.
844 2198 957 2230 Neuk.

82 2260 113 2285 te
136 2255 240 2286 nolim
262 2254 388 2286 Bothe.
413 2256 516 2286 matri
541 2254 635 2287 511.
661 2256 705 2286 Α.
731 2253 956 2297 526.Stcph.

81 2322 146 2342 non
170 2311 202 2341 si
224 2323 272 2342 me
296 2312 411 2342 vivum
435 2312 489 2342 vis
512 2310 653 2353 cherc.
668 2310 799 2342 Brukh.
826 2323 874 2341 me
890 2322 958 2342 om.

85 2367 174 2400 476.
199 2365 290 2398 485.
317 2366 409 2398 511.
435 2379 475 2397 ne
494 2380 548 2409 pr.
576 2368 614 2397 Β.
641 2368 713 2397 sine
737 2368 784 2398 M.
811 2368 882 2398 sine
906 2380 960 2399 no-

85 2424 209 2455 vismel
226 2422 324 2455 G.B.
349 2424 381 2454 si
395 2436 444 2454 me
456 2423 640 2466 reliquiA.
666 2423 777 2455 Neuk.
803 2425 874 2454 noli
889 2436 959 2454 mea

82 2484 198 2516 mater,
222 2491 272 2510 me
283 2490 327 2522 pr
340 2503 347 2511 .
361 2502 368 2509 .
381 2478 420 2512 C.
434 2504 442 2517 ‚
467 2480 498 2510 si
511 2480 595 2510 mori
608 2491 656 2509 me
667 2491 731 2510 non
748 2479 800 2510 vis
815 2479 958 2522 cheuk.

81 2534 136 2565 vel
147 2546 252 2565 meum
263 2533 310 2566 Α.
330 2533 420 2566 526.
445 2535 479 2566 J.
505 2546 639 2566 causam
657 2535 737 2565 coic.
757 2534 854 2566 hodie
866 2535 959 2578 apud

83 2595 114 2620 te
137 2590 246 2622 Turn.
273 2589 336 2627 24,
353 2589 416 2622 46.
440 2590 495 2622 hic
519 2591 612 2633 apud
637 2597 667 2621 te
692 2590 798 2622 Turn.
815 2590 877 2626 29,
893 2590 955 2622 20.

83 2649 119 2678 et
146 2645 205 2678 15.
230 2647 342 2678 ambos
354 2645 450 2679 476.
462 2645 554 2679 485.
570 2646 662 2678 5¹1.
687 2647 779 2678 anzbo
803 2648 851 2679 A.
867 2646 956 2678 526.

82 2700 205 2745 Steph.
218 2702 256 2735 J.
282 2702 408 2734 arrabon’
419 2703 525 2734 Turn.
540 2701 603 2740 29,
617 2701 677 2735 15.
703 2703 837 2733 ambone
850 2703 957 2734 Turn.

82 2755 174 2802 (pag.
191 2755 297 2794 268.)
323 2758 385 2793 29.
411 2758 477 2791 20.
513 2771 608 2790 serus
631 2757 725 2795 476,
749 2757 842 2793 485,
863 2758 954 2791 511.

84 2815 121 2846 in
135 2815 243 2845 cassio
266 2813 360 2849 476,
371 2814 463 2851 485,
480 2814 503 2846 5
513 2815 529 2846 1
540 2814 571 2846 1.
597 2816 632 2845 in
644 2816 734 2846 casio
748 2816 796 2846 A.
818 2814 910 2846 526.
923 2814 959 2846 J.

82 2872 224 2903 Nicasio
238 2869 309 2913 ch.
331 2871 358 2901 it
373 2872 533 2902 coniiccre
545 2870 639 2902 Guil.
667 2871 699 2908 1,
719 2870 756 2903 2.
769 2870 882 2903 Neuk.
907 2882 961 2901 cu-

81 2927 185 2959 riosis
195 2939 268 2958 cum
278 2924 328 2967 fil.
339 2924 433 2958 GR.
451 2926 491 2957 ab
507 2926 552 2958 ad
566 2928 674 2958 neseio
686 2925 779 2958 476.
791 2925 886 2959 485.
898 2933 959 2957 aut

1826 201 1914 241 185

1032 303 1153 340 omnis
1196 316 1303 340 meas
1347 317 1464 342 curas
1504 306 1828 361 coyitationesque
1872 309 1915 346 in

1031 385 1115 409 eam
1144 372 1400 424 conferebam.
1449 375 1656 422 Conferre,
1688 390 1912 416 conserere.

1032 441 1141 491 Virg.
1168 443 1237 480 lib.
1258 457 1361 480 vnn:
1391 457 1500 495 erqo,
1531 447 1606 482 etsi
1630 445 1807 497 conferre
1833 460 1913 485 ma-

1030 525 1122 547 num
1145 510 1261 562 furor
1284 514 1423 566 iraque
1447 519 1653 552 monstrat.
1702 515 1912 563 Conferre,

1032 580 1265 619 contollere.
1301 581 1511 631 Virgilius:
1557 588 1594 620 et
1617 584 1792 634 conferre
1819 600 1913 638 yra-

1030 650 1121 686 dum
1151 655 1189 686 ct
1217 651 1428 702 procedere
1448 651 1597 703 longius
1631 654 1762 692 audet.
1808 656 1912 694 Con-

1030 719 1147 764 ferre,
1175 733 1414 771 comparare.
1443 721 1499 759 M.
1519 722 1678 760 Tullius
1699 724 1748 761 de
1763 724 1914 763 Officiis

1030 788 1098 826 lib.
1118 802 1168 826 11:
1198 802 1299 844 quae
1318 790 1494 839 conferri
1509 805 1594 829 cum
1613 805 1742 830 eorum
1757 800 1838 831 stu-
1862 803 1908 833 20

1030 858 1106 895 diis
1134 859 1290 910 potest?
1331 860 1542 905 Conferre,
1581 863 1807 901 transferre.
1854 864 1912 903 M.

1032 928 1189 967 Tullius
1215 930 1264 967 de
1291 929 1444 968 Officiis
1477 931 1546 968 lib.
1574 945 1624 969 11:
1666 933 1722 969 ad
1747 932 1817 971 hoc
1844 946 1912 971 nos

1029 998 1198 1035 studium
1221 1000 1460 1050 potissimum
1489 1002 1791 1040 contulissemus.

1082 1066 1331 1106 CONFECTUM
1367 1070 1514 1107 dicitur
1550 1071 1743 1118 occisum,
1780 1073 1913 1111 exani-

1029 1142 1185 1174 matum.
1214 1138 1404 1189 Virgilius
1424 1139 1492 1177 lib.
1507 1154 1568 1177 x1:
1597 1147 1757 1178 actenus
1770 1170 1782 1186 ,
1800 1142 1911 1180 Acca

1029 1218 1153 1250 soror,
1165 1209 1278 1258 potui
1284 1222 1299 1251 ‚-
1328 1222 1432 1245 nanc
1459 1209 1598 1246 vulnus
1618 1210 1796 1249 acerbum
1813 1210 1914 1250 Con-

1026 1273 1125 1323 ficit.
1164 1276 1220 1313 M.
1248 1276 1407 1315 Tullius
1438 1278 1487 1314 de
1512 1279 1752 1330 Suppliciis:
1780 1281 1914 1334 plaqis

1029 1344 1244 1391 confectum
1260 1346 1339 1383 dici
1351 1360 1376 1382 a
1392 1346 1590 1384 lictoribus
1604 1349 1683 1385 tuis
1694 1349 1744 1387 P.
1754 1350 1804 1389 R.
1821 1357 1913 1388 ante

1029 1413 1155 1451 oculos
1180 1420 1266 1451 tuos
1294 1416 1490 1453 occidisse.
1545 1417 1803 1465 Confectum,
1844 1420 1914 1459 de-

1029 1484 1187 1521 fessum.
1238 1484 1350 1535 Virg.
1388 1485 1457 1522 lib.
1486 1500 1546 1523 x1:
1586 1487 1743 1525 ducitur
1775 1489 1916 1542 infelix

1033 1567 1126 1591 aevo
1139 1553 1336 1602 confectus
1344 1555 1511 1594 Acoetis.
1525 1555 1702 1596 Lucilius
1714 1558 1781 1596 lib.
1793 1573 1911 1598 xxv1:

1027 1629 1108 1661 tum
1143 1624 1338 1661 doloribus
1374 1624 1589 1677 confectum
1617 1641 1753 1678 corpus
1783 1630 1911 1667 animo

1027 1692 1222 1730 obsistere.
1240 1693 1298 1732 M.
1310 1695 1470 1733 Tullius
1487 1696 1535 1733 de
1551 1695 1701 1735 Officiis
1718 1698 1787 1736 lib.
1799 1712 1845 1735 11:
1863 1707 1910 1738 30

1027 1776 1097 1799 nec
1133 1777 1191 1799 me
1223 1764 1432 1816 angoribus
1464 1766 1613 1810 dedidi,
1641 1767 1777 1821 quibus
1803 1782 1911 1806 cram

1026 1830 1235 1883 confectus.
1266 1833 1488 1879 Cofflicere,
1509 1836 1702 1886 frangere.
1732 1836 1910 1875 Lucilius

1026 1900 1093 1937 lib.
1113 1915 1266 1938 xxvm:
1295 1902 1395 1939 malo
1417 1903 1545 1940 hercle
1570 1909 1695 1942 vestro
1720 1906 1909 1958 confecto-

1024 1983 1087 2007 res
1137 1972 1356 2009 cardinum.
1423 1972 1653 2020 Conficere,
1702 1976 1908 2028 colligere.

1023 2089 1132 2119 nescio
1148 2089 1187 2119 B.
1203 2088 1283 2119 haec
1296 2090 1406 2121 nescio
1420 2089 1513 2122 Guil.
1527 2090 1712 2134 prGerlch.
1737 2093 1783 2125 ad
1795 2095 1908 2127 nescio

1020 2145 1183 2189 quicquid
1206 2145 1247 2176 de
1276 2145 1319 2177 Α.
1340 2146 1376 2178 J.
1404 2147 1432 2177 ii
1455 2148 1619 2179 coniiccre
1641 2149 1687 2180 ad
1711 2163 1742 2181 n.
1766 2151 1850 2194 quid
1865 2152 1907 2184 de

1022 2201 1219 2232 ratiuncula
1233 2200 1375 2243 churn.
1390 2201 1454 2239 29,
1472 2202 1537 2235 20.
1564 2205 1772 2237 ratiuncula.
1790 2208 1909 2252 Atque

1021 2268 1132 2288 eccum
1156 2257 1300 2288 incedit:
1326 2257 1385 2289 hoc
1409 2257 1509 2295 270,
1535 2258 1571 2291 6.
1599 2260 1731 2303 chuil.
1757 2263 1842 2306 quid
1865 2264 1908 2296 de

1021 2312 1218 2344 ratiuncula
1243 2313 1375 2356 chuil.
1400 2315 1434 2346 J.
1459 2315 1655 2358 probMerc.
1689 2319 1905 2352 latriuncula

1025 2370 1088 2401 Ms.
1113 2368 1150 2400 J.
1173 2380 1254 2412 quo.
1269 2394 1275 2401 .
1289 2370 1412 2401 istud?
1437 2371 1565 2414 cheal.
1593 2373 1642 2405 M.
1662 2374 1743 2405 Tull
1760 2374 1800 2405 de
1818 2376 1905 2417 Περ.

1025 2425 1107 2455 Mai.
1120 2424 1184 2456 Or.
1199 2425 1294 2457 modo
1311 2437 1379 2459 om.
1394 2427 1516 2459 Klotz.
1543 2430 1709 2474 contingit
1719 2431 1766 2462 W
1777 2455 1784 2462 .
1796 2431 1846 2464 Μ.
1874 2442 1909 2467 10

1023 2492 1122 2524 quam
1146 2482 1290 2512 maxime
1313 2481 1368 2513 Ιιὶι·
1391 2482 1475 2514 mihi
1500 2483 1635 2526 choss.
1673 2497 1774 2529 quam
1797 2489 1906 2519 maxi-

1024 2548 1111 2566 mum,
1133 2536 1199 2567 etsi
1222 2536 1277 2568 hic
1300 2538 1345 2568 mi
1367 2538 1467 2570 hodie
1490 2539 1603 2572 Bothe
1630 2539 1667 2572 2.
1705 2553 1906 2585 procurrere

1023 2594 1045 2624 l.
1071 2591 1198 2622 audent
1230 2592 1327 2636 Virg.
1352 2594 1440 2626 Aen.
1465 2593 1506 2631 9,
1532 2595 1627 2628 690.
1666 2597 1752 2639 confi
1778 2609 1903 2640 compo-

1020 2660 1098 2679 nere
1121 2647 1153 2678 h.
1177 2649 1407 2680 examinatum
1440 2651 1505 2683 W.
1529 2663 1685 2684 acervum
1710 2654 1776 2685 W.
1801 2653 1842 2686 L.
1868 2665 1907 2690 20

1024 2704 1070 2735 cf.
1095 2715 1129 2745 p.
1155 2702 1248 2741 568,
1275 2703 1341 2737 52.
1382 2706 1458 2740 dico
1490 2708 1585 2740 Edd.
1626 2708 1721 2741 dicia
1745 2709 1790 2742 B.
1834 2711 1906 2742 tuis

1021 2771 1114 2803 ¹apr.
1139 2759 1184 2791 B.
1214 2760 1284 2790 tuis
1303 2766 1403 2803 pater
1425 2763 1471 2795 A.
1484 2762 1524 2795 J.
1548 2764 1653 2795 civem
1676 2765 1904 2798 Romanum..

1027 2814 1213 2845 concidisse
1227 2814 1337 2847 Orell.
1347 2816 1478 2850 dicitur
1488 2820 1554 2852 W.
1570 2820 1711 2853 Acestes
1724 2822 1822 2863 Virg.
1836 2823 1904 2855 XI.

1026 2869 1089 2902 85.
1105 2871 1149 2902 cf.
1160 2869 1362 2913 p.285‚10.
1374 2873 1528 2907 dediW.
1542 2875 1690 2909 Cie.0ff.
1705 2878 1754 2915 II,
1772 2878 1805 2916 1,
1819 2877 1852 2910 2.
1869 2889 1908 2914 30

1024 2938 1124 2956 essem
1138 2927 1309 2969 con-fectus
1333 2930 1378 2962 A.
1402 2929 1514 2963 Orell.
1539 2933 1693 2964 carnium
1711 2933 1904 2975 chrDusa.
