<?xml version="1.0" encoding="UTF-8"?>
<!DOCTYPE html PUBLIC "-//W3C//DTD XHTML 1.0 Transitional//EN"
    "http://www.w3.org/TR/xhtml1/DTD/xhtml1-transitional.dtd">
<html xmlns="http://www.w3.org/1999/xhtml" xml:lang="en" lang="en">
 <head>
  <title>
</title>
<meta http-equiv="Content-Type" content="text/html;charset=utf-8" />
  <meta name='ocr-system' content='tesseract 3.04.00' />
  <meta name='ocr-capabilities' content='ocr_page ocr_carea ocr_par ocr_line ocrx_word'/>
</head>
<body>
  <div class='ocr_page' id='page_1' title='image "./decompendiosadoc00noniuoft_0398.png"; bbox 0 0 2174 3267; ppageno 0'>
   <div class='ocr_carea' id='block_1_1' title="bbox 246 112 338 153">
    <p class='ocr_par' dir='ltr' id='par_1_1' title="bbox 246 112 338 153">
     <span class='ocr_line' id='line_1_1' title="bbox 246 112 338 153; baseline 0 -1"><span class='ocrx_word' id='word_1_1' title='bbox 246 112 338 153; x_wconf 76' lang='lat'><strong><em>550</em></strong></span> 
     </span>
    </p>
   </div>
   <div class='ocr_carea' id='block_1_2' title="bbox 219 216 1132 2287">
    <p class='ocr_par' dir='ltr' id='par_1_2' title="bbox 231 216 1132 1320">
     <span class='ocr_line' id='line_1_2' title="bbox 246 216 1131 269; baseline -0.002 -11"><span class='ocrx_word' id='word_1_2' title='bbox 246 232 330 258; x_wconf 87' lang='lat' dir='ltr'><strong><em>sum</em></strong></span> <span class='ocrx_word' id='word_1_3' title='bbox 357 230 521 257; x_wconf 82' lang='lat' dir='ltr'><strong><em>exorare</em></strong></span> <span class='ocrx_word' id='word_1_4' title='bbox 547 223 606 262; x_wconf 87' lang='lat' dir='ltr'><strong><em>te,</em></strong></span> <span class='ocrx_word' id='word_1_5' title='bbox 647 223 691 255; x_wconf 90' lang='lat' dir='ltr'><strong><em>ut</em></strong></span> <span class='ocrx_word' id='word_1_6' title='bbox 718 216 878 255; x_wconf 79' lang='lat' dir='ltr'><strong><em>recedas</em></strong></span> <span class='ocrx_word' id='word_1_7' title='bbox 904 230 930 256; x_wconf 88' lang='lat' dir='ltr'><strong><em>a</em></strong></span> <span class='ocrx_word' id='word_1_8' title='bbox 953 230 1013 255; x_wconf 88' lang='lat' dir='ltr'><strong><em>me</em></strong></span> <span class='ocrx_word' id='word_1_9' title='bbox 1030 230 1131 269; x_wconf 69' lang='lat' dir='ltr'><strong><em>pazt·</em></strong></span> 
     </span>
     <span class='ocr_line' id='line_1_3' title="bbox 242 285 1047 343; baseline -0.004 -16"><span class='ocrx_word' id='word_1_10' title='bbox 242 290 363 343; x_wconf 83' lang='lat' dir='ltr'><strong><em>lisper</em></strong></span> <span class='ocrx_word' id='word_1_11' title='bbox 385 288 526 326; x_wconf 77' lang='lat' dir='ltr'><strong><em>modo?</em></strong></span> <span class='ocrx_word' id='word_1_12' title='bbox 557 287 800 341; x_wconf 82' lang='lat' dir='ltr'><strong><em>Quantisper</em></strong></span> <span class='ocrx_word' id='word_1_13' title='bbox 828 292 892 325; x_wconf 89' lang='lat' dir='ltr'><strong><em>sat</em></strong></span> <span class='ocrx_word' id='word_1_14' title='bbox 915 285 1047 337; x_wconf 79' lang='lat' dir='ltr'><strong><em>habes.</em></strong></span> 
     </span>
     <span class='ocr_line' id='line_1_4' title="bbox 242 353 1132 410; baseline -0.001 -14"><span class='ocrx_word' id='word_1_15' title='bbox 242 355 299 410; x_wconf 88' lang='lat' dir='ltr'><strong><em>(p.</em></strong></span> <span class='ocrx_word' id='word_1_16' title='bbox 318 353 442 404; x_wconf 78' lang='lat'><strong><em>512.)</em></strong></span> <span class='ocrx_word' id='word_1_17' title='bbox 512 357 703 395; x_wconf 69' lang='lat' dir='ltr'><strong><em>Dumna</em></strong></span> <span class='ocrx_word' id='word_1_18' title='bbox 725 370 800 408; x_wconf 87' lang='lat' dir='ltr'><strong><em>pro</em></strong></span> <span class='ocrx_word' id='word_1_19' title='bbox 827 356 935 394; x_wconf 84' lang='lat' dir='ltr'><strong><em>dure.</em></strong></span> <span class='ocrx_word' id='word_1_20' title='bbox 974 356 1132 395; x_wconf 83' lang='lat' dir='ltr'><strong><em>Teren·</em></strong></span> 
     </span>
     <span class='ocr_line' id='line_1_5' title="bbox 241 426 1132 480; baseline -0.001 -15"><span class='ocrx_word' id='word_1_21' title='bbox 241 428 320 465; x_wconf 78' lang='lat' dir='ltr'><strong><em>tius</em></strong></span> <span class='ocrx_word' id='word_1_22' title='bbox 367 427 409 464; x_wconf 88' lang='lat' dir='ltr'><strong><em>in</em></strong></span> <span class='ocrx_word' id='word_1_23' title='bbox 454 426 630 465; x_wconf 85' lang='lat' dir='ltr'>Andria:</span> <span class='ocrx_word' id='word_1_24' title='bbox 681 428 808 480; x_wconf 85' lang='lat' dir='ltr'><strong><em>primo</em></strong></span> <span class='ocrx_word' id='word_1_25' title='bbox 851 426 949 465; x_wconf 78' lang='lat' dir='ltr'><strong><em>haec</em></strong></span> <span class='ocrx_word' id='word_1_26' title='bbox 989 427 1132 478; x_wconf 86' lang='lat' dir='ltr'><strong><em>pudice</em></strong></span> 
     </span>
     <span class='ocr_line' id='line_1_6' title="bbox 239 495 1129 548; baseline 0 -13"><span class='ocrx_word' id='word_1_27' title='bbox 239 498 372 540; x_wconf 78' lang='lat' dir='ltr'><strong><em>vitam,</em></strong></span> <span class='ocrx_word' id='word_1_28' title='bbox 397 509 521 548; x_wconf 85' lang='lat' dir='ltr'><strong><em>parce</em></strong></span> <span class='ocrx_word' id='word_1_29' title='bbox 547 510 595 535; x_wconf 88' lang='lat' dir='ltr'><strong><em>ac</em></strong></span> <span class='ocrx_word' id='word_1_30' title='bbox 619 497 776 535; x_wconf 82' lang='lat' dir='ltr'><strong><em>duriter</em></strong></span> <span class='ocrx_word' id='word_1_31' title='bbox 796 496 960 548; x_wconf 63' lang='lat' dir='ltr'><strong><em>Agebat.</em></strong></span> <span class='ocrx_word' id='word_1_32' title='bbox 1005 495 1129 536; x_wconf 87' lang='lat' dir='ltr'><strong><em>Novi-</em></strong></span> 
     </span>
     <span class='ocr_line' id='line_1_7' title="bbox 240 566 1129 620; baseline 0.002 -16"><span class='ocrx_word' id='word_1_33' title='bbox 240 579 286 604; x_wconf 90' lang='lat' dir='ltr'><strong><em>us</em></strong></span> <span class='ocrx_word' id='word_1_34' title='bbox 313 566 442 605; x_wconf 78' lang='lat' dir='ltr'><strong><em>Zona:</em></strong></span> <span class='ocrx_word' id='word_1_35' title='bbox 482 568 637 605; x_wconf 86' lang='lat' dir='ltr'><strong><em>duriter</em></strong></span> <span class='ocrx_word' id='word_1_36' title='bbox 658 580 719 605; x_wconf 88' lang='lat' dir='ltr'><strong><em>me</em></strong></span> <span class='ocrx_word' id='word_1_37' title='bbox 746 567 908 612; x_wconf 78' lang='lat' dir='ltr'><strong><em>habere,</em></strong></span> <span class='ocrx_word' id='word_1_38' title='bbox 938 567 1129 620; x_wconf 63' lang='lat' dir='ltr'><strong><em>vigilasse.</em></strong></span> 
     </span>
     <span class='ocr_line' id='line_1_8' title="bbox 238 635 1130 692; baseline 0.001 -18"><span class='ocrx_word' id='word_1_39' title='bbox 238 635 427 675; x_wconf 84' lang='lat' dir='ltr'><strong><em>Afranius</em></strong></span> <span class='ocrx_word' id='word_1_40' title='bbox 447 636 657 689; x_wconf 80' lang='lat' dir='ltr'><strong><em>Privigno:</em></strong></span> <span class='ocrx_word' id='word_1_41' title='bbox 695 638 814 675; x_wconf 80' lang='lat' dir='ltr'><em>vivax</em></span> <span class='ocrx_word' id='word_1_42' title='bbox 843 643 975 682; x_wconf 80' lang='lat' dir='ltr'><strong><em>vetus,</em></strong></span> <span class='ocrx_word' id='word_1_43' title='bbox 1010 650 1130 692; x_wconf 85' lang='lat' dir='ltr'><strong><em>quam</em></strong></span> 
     </span>
     <span class='ocr_line' id='line_1_9' title="bbox 237 706 1128 757; baseline 0 -13"><span class='ocrx_word' id='word_1_44' title='bbox 237 707 393 744; x_wconf 87' lang='lat' dir='ltr'><strong><em>duriter</em></strong></span> <span class='ocrx_word' id='word_1_45' title='bbox 424 721 529 745; x_wconf 87' lang='lat' dir='ltr'><strong><em>nunc</em></strong></span> <span class='ocrx_word' id='word_1_46' title='bbox 560 706 729 745; x_wconf 87' lang='lat' dir='ltr'><strong><em>consulto</em></strong></span> <span class='ocrx_word' id='word_1_47' title='bbox 762 712 871 757; x_wconf 76' lang='lat' dir='ltr'><strong><em>terqo</em></strong></span> <span class='ocrx_word' id='word_1_48' title='bbox 902 706 1006 744; x_wconf 85' lang='lat' dir='ltr'><strong><em>meo!</em></strong></span> <span class='ocrx_word' id='word_1_49' title='bbox 1047 706 1128 744; x_wconf 88' lang='lat' dir='ltr'><strong><em>En-</em></strong></span> 
     </span>
     <span class='ocr_line' id='line_1_10' title="bbox 236 776 1129 832; baseline 0.001 -18"><span class='ocrx_word' id='word_1_50' title='bbox 236 777 324 814; x_wconf 88' lang='lat' dir='ltr'>nius</span> <span class='ocrx_word' id='word_1_51' title='bbox 349 777 543 815; x_wconf 87' lang='lat' dir='ltr'><strong><em>Foenicc:</em></strong></span> <span class='ocrx_word' id='word_1_52' title='bbox 579 790 697 832; x_wconf 87' lang='lat' dir='ltr'><strong><em>quam</em></strong></span> <span class='ocrx_word' id='word_1_53' title='bbox 725 776 797 815; x_wconf 86' lang='lat' dir='ltr'><strong><em>tibi</em></strong></span> <span class='ocrx_word' id='word_1_54' title='bbox 828 789 876 814; x_wconf 87' lang='lat' dir='ltr'><strong><em>ex</em></strong></span> <span class='ocrx_word' id='word_1_55' title='bbox 911 790 979 814; x_wconf 88' lang='lat' dir='ltr'><strong><em>ore</em></strong></span> <span class='ocrx_word' id='word_1_56' title='bbox 1008 778 1129 815; x_wconf 84' lang='lat' dir='ltr'><strong><em>orati-</em></strong></span> 
     </span>
     <span class='ocr_line' id='line_1_11' title="bbox 235 847 1127 886; baseline 0.001 -3"><span class='ocrx_word' id='word_1_57' title='bbox 235 859 346 884; x_wconf 90' lang='lat' dir='ltr'><strong><em>onem</em></strong></span> <span class='ocrx_word' id='word_1_58' title='bbox 388 848 544 885; x_wconf 82' lang='lat' dir='ltr'><strong><em>duriter</em></strong></span> <span class='ocrx_word' id='word_1_59' title='bbox 583 847 697 886; x_wconf 77' lang='lat' dir='ltr'><strong><em>dictis</em></strong></span> <span class='ocrx_word' id='word_1_60' title='bbox 740 847 872 884; x_wconf 85' lang='lat' dir='ltr'><strong><em>dedit!</em></strong></span> <span class='ocrx_word' id='word_1_61' title='bbox 925 847 1127 886; x_wconf 85' lang='lat' dir='ltr'><strong>Caecilius</strong></span> 
     </span>
     <span class='ocr_line' id='line_1_12' title="bbox 234 916 1125 972; baseline 0.003 -19"><span class='ocrx_word' id='word_1_62' title='bbox 234 916 428 955; x_wconf 81' lang='lat' dir='ltr'>Fallacia:</span> <span class='ocrx_word' id='word_1_63' title='bbox 474 929 568 955; x_wconf 89' lang='lat' dir='ltr'><strong><em>nam</em></strong></span> <span class='ocrx_word' id='word_1_64' title='bbox 601 930 719 972; x_wconf 88' lang='lat' dir='ltr'><strong><em>quam</em></strong></span> <span class='ocrx_word' id='word_1_65' title='bbox 745 917 901 956; x_wconf 86' lang='lat' dir='ltr'><strong><em>duriter</em></strong></span> <span class='ocrx_word' id='word_1_66' title='bbox 929 918 1007 956; x_wconf 90' lang='lat' dir='ltr'><strong><em>Vos</em></strong></span> <span class='ocrx_word' id='word_1_67' title='bbox 1031 918 1125 956; x_wconf 89' lang='lat' dir='ltr'><strong><em>edu-</em></strong></span> 
     </span>
     <span class='ocr_line' id='line_1_13' title="bbox 232 987 950 1041; baseline 0.003 -18"><span class='ocrx_word' id='word_1_68' title='bbox 232 987 337 1024; x_wconf 82' lang='lat' dir='ltr'><strong><em>cavit</em></strong></span> <span class='ocrx_word' id='word_1_69' title='bbox 364 992 484 1041; x_wconf 85' lang='lat' dir='ltr'><strong><em>atque</em></strong></span> <span class='ocrx_word' id='word_1_70' title='bbox 513 1000 676 1040; x_wconf 80' lang='lat' dir='ltr'><strong><em>aspere,</em></strong></span> <span class='ocrx_word' id='word_1_71' title='bbox 711 1001 791 1025; x_wconf 86' lang='lat' dir='ltr'><strong><em>non</em></strong></span> <span class='ocrx_word' id='word_1_72' title='bbox 817 992 950 1039; x_wconf 72' lang='lat' dir='ltr'><strong><em>neqat.</em></strong></span> 
     </span>
     <span class='ocr_line' id='line_1_14' title="bbox 238 1050 1124 1110; baseline 0.003 -17"><span class='ocrx_word' id='word_1_73' title='bbox 238 1050 282 1094; x_wconf 70' lang='lat'><strong><em>10</em></strong></span> <span class='ocrx_word' id='word_1_74' title='bbox 354 1056 519 1095; x_wconf 57' lang='lat' dir='ltr'><strong><em>Canum</em></strong></span> <span class='ocrx_word' id='word_1_75' title='bbox 546 1070 622 1110; x_wconf 89' lang='lat' dir='ltr'><strong><em>pro</em></strong></span> <span class='ocrx_word' id='word_1_76' title='bbox 647 1061 775 1096; x_wconf 84' lang='lat' dir='ltr'><strong><em>caute.</em></strong></span> <span class='ocrx_word' id='word_1_77' title='bbox 833 1058 982 1096; x_wconf 88' lang='lat' dir='ltr'><strong><em>Accius</em></strong></span> <span class='ocrx_word' id='word_1_78' title='bbox 1009 1057 1124 1096; x_wconf 86' lang='lat' dir='ltr'><strong><em>Alfe-</em></strong></span> 
     </span>
     <span class='ocr_line' id='line_1_15' title="bbox 233 1125 1124 1166; baseline 0.002 -3"><span class='ocrx_word' id='word_1_79' title='bbox 233 1125 390 1164; x_wconf 81' lang='lat' dir='ltr'><strong><em>sihoea:</em></strong></span> <span class='ocrx_word' id='word_1_80' title='bbox 426 1128 500 1165; x_wconf 90' lang='lat' dir='ltr'><strong><em>sed</em></strong></span> <span class='ocrx_word' id='word_1_81' title='bbox 527 1127 600 1165; x_wconf 81' lang='lat' dir='ltr'><strong><em>tibi</em></strong></span> <span class='ocrx_word' id='word_1_82' title='bbox 630 1128 773 1166; x_wconf 86' lang='lat' dir='ltr'><strong><em>cautim</em></strong></span> <span class='ocrx_word' id='word_1_83' title='bbox 808 1132 866 1165; x_wconf 84' lang='lat' dir='ltr'><strong><em>est</em></strong></span> <span class='ocrx_word' id='word_1_84' title='bbox 896 1128 1124 1166; x_wconf 85' lang='lat' dir='ltr'><strong><em>adeundum</em></strong></span> 
     </span>
     <span class='ocr_line' id='line_1_16' title="bbox 232 1196 1123 1236; baseline 0.001 -2"><span class='ocrx_word' id='word_1_85' title='bbox 232 1197 289 1234; x_wconf 88' lang='lat' dir='ltr'><strong><em>ad</em></strong></span> <span class='ocrx_word' id='word_1_86' title='bbox 322 1198 463 1234; x_wconf 84' lang='lat' dir='ltr'><strong><em>virum.</em></strong></span> <span class='ocrx_word' id='word_1_87' title='bbox 519 1196 634 1235; x_wconf 86' lang='lat' dir='ltr'><strong>Idem</strong></span> <span class='ocrx_word' id='word_1_88' title='bbox 657 1197 868 1235; x_wconf 82' lang='lat' dir='ltr'><strong><em>Filoetita:</em></strong></span> <span class='ocrx_word' id='word_1_89' title='bbox 898 1202 1039 1236; x_wconf 87' lang='lat' dir='ltr'><strong><em>contra</em></strong></span> <span class='ocrx_word' id='word_1_90' title='bbox 1065 1202 1123 1235; x_wconf 85' lang='lat' dir='ltr'><strong><em>est</em></strong></span> 
     </span>
     <span class='ocr_line' id='line_1_17' title="bbox 231 1266 1034 1320; baseline 0.001 -17"><span class='ocrx_word' id='word_1_91' title='bbox 231 1266 402 1304; x_wconf 87' lang='lat' dir='ltr'><strong><em>eundum</em></strong></span> <span class='ocrx_word' id='word_1_92' title='bbox 429 1266 576 1305; x_wconf 79' lang='lat' dir='ltr'><strong><em>cautim</em></strong></span> <span class='ocrx_word' id='word_1_93' title='bbox 599 1271 636 1304; x_wconf 83' lang='lat' dir='ltr'><strong><em>et</em></strong></span> <span class='ocrx_word' id='word_1_94' title='bbox 661 1267 902 1320; x_wconf 82' lang='lat' dir='ltr'><strong><em>captandum</em></strong></span> <span class='ocrx_word' id='word_1_95' title='bbox 928 1267 1034 1305; x_wconf 79' lang='lat' dir='ltr'><strong><em>mihi.</em></strong></span> 
     </span>
    </p>

    <p class='ocr_par' dir='ltr' id='par_1_3' title="bbox 222 1336 1121 1670">
     <span class='ocr_line' id='line_1_18' title="bbox 284 1336 1120 1376; baseline -0.001 -1"><span class='ocrx_word' id='word_1_96' title='bbox 284 1336 499 1375; x_wconf 73' lang='lat' dir='ltr'><strong><em>STmc&#39;nM.</em></strong></span> <span class='ocrx_word' id='word_1_97' title='bbox 553 1336 697 1374; x_wconf 87' lang='lat' dir='ltr'><strong><em>Cicero</em></strong></span> <span class='ocrx_word' id='word_1_98' title='bbox 724 1337 775 1374; x_wconf 90' lang='lat' dir='ltr'><strong><em>de</em></strong></span> <span class='ocrx_word' id='word_1_99' title='bbox 795 1336 970 1376; x_wconf 84' lang='lat' dir='ltr'><strong>Oratore</strong></span> <span class='ocrx_word' id='word_1_100' title='bbox 993 1336 1065 1375; x_wconf 86' lang='lat' dir='ltr'><strong><em>lib.</em></strong></span> <span class='ocrx_word' id='word_1_101' title='bbox 1087 1350 1120 1374; x_wconf 89' lang='lat'><strong><em>1:</em></strong></span> 
     </span>
     <span class='ocr_line' id='line_1_19' title="bbox 228 1406 1121 1458; baseline 0.004 -17"><span class='ocrx_word' id='word_1_102' title='bbox 228 1406 349 1458; x_wconf 86' lang='lat' dir='ltr'><strong><em>quasi</em></strong></span> <span class='ocrx_word' id='word_1_103' title='bbox 379 1418 453 1458; x_wconf 89' lang='lat' dir='ltr'><strong><em>per</em></strong></span> <span class='ocrx_word' id='word_1_104' title='bbox 495 1410 776 1450; x_wconf 79' lang='lat' dir='ltr'><strong><em>transennam,</em></strong></span> <span class='ocrx_word' id='word_1_105' title='bbox 821 1412 1121 1458; x_wconf 83' lang='lat' dir='ltr'><strong><em>praetereuntes</em></strong></span> 
     </span>
     <span class='ocr_line' id='line_1_20' title="bbox 226 1475 1121 1527; baseline 0.002 -15"><span class='ocrx_word' id='word_1_106' title='bbox 226 1475 393 1513; x_wconf 85' lang='lat' dir='ltr'><strong><em>strictim</em></strong></span> <span class='ocrx_word' id='word_1_107' title='bbox 415 1476 645 1527; x_wconf 77' lang='lat' dir='ltr'><strong><em>aspeximus.</em></strong></span> <span class='ocrx_word' id='word_1_108' title='bbox 684 1475 919 1514; x_wconf 82' lang='lat' dir='ltr'><strong><em>Sallustius:</em></strong></span> <span class='ocrx_word' id='word_1_109' title='bbox 939 1477 1121 1521; x_wconf 84' lang='lat' dir='ltr'><strong><em>strictim,</em></strong></span> 
     </span>
     <span class='ocr_line' id='line_1_21' title="bbox 227 1545 1121 1600; baseline 0.003 -18"><span class='ocrx_word' id='word_1_110' title='bbox 227 1550 272 1583; x_wconf 88' lang='lat' dir='ltr'><strong><em>ut</em></strong></span> <span class='ocrx_word' id='word_1_111' title='bbox 301 1557 481 1600; x_wconf 81' lang='lat' dir='ltr'><strong><em>quaeque</em></strong></span> <span class='ocrx_word' id='word_1_112' title='bbox 508 1547 693 1584; x_wconf 85' lang='lat' dir='ltr'><strong><em>memoria</em></strong></span> <span class='ocrx_word' id='word_1_113' title='bbox 718 1546 841 1599; x_wconf 61' lang='lat' dir='ltr'><strong><em>digna</em></strong></span> <span class='ocrx_word' id='word_1_114' title='bbox 869 1545 1121 1592; x_wconf 86' lang='lat' dir='ltr'><strong><em>videbantur,</em></strong></span> 
     </span>
     <span class='ocr_line' id='line_1_22' title="bbox 222 1614 519 1670; baseline 0 -17"><span class='ocrx_word' id='word_1_115' title='bbox 222 1614 519 1670; x_wconf 75' lang='lat' dir='ltr'><strong><em>perscriberem.</em></strong></span> 
     </span>
    </p>

    <p class='ocr_par' dir='ltr' id='par_1_4' title="bbox 219 1685 1122 2287">
     <span class='ocr_line' id='line_1_23' title="bbox 277 1685 1119 1740; baseline 0.002 -17"><span class='ocrx_word' id='word_1_116' title='bbox 277 1686 487 1724; x_wconf 72' lang='lat' dir='ltr'><strong><em>memn</em></strong></span> <span class='ocrx_word' id='word_1_117' title='bbox 516 1699 591 1737; x_wconf 86' lang='lat' dir='ltr'><strong><em>pro</em></strong></span> <span class='ocrx_word' id='word_1_118' title='bbox 622 1685 744 1725; x_wconf 84' lang='lat' dir='ltr'><strong><em>firme.</em></strong></span> <span class='ocrx_word' id='word_1_119' title='bbox 791 1685 974 1725; x_wconf 83' lang='lat' dir='ltr'>Lucilius</span> <span class='ocrx_word' id='word_1_120' title='bbox 1002 1685 1119 1740; x_wconf 72' lang='lat' dir='ltr'><strong><em>Saty-</em></strong></span> 
     </span>
     <span class='ocr_line' id='line_1_24' title="bbox 224 1755 1118 1811; baseline -0.001 -16"><span class='ocrx_word' id='word_1_121' title='bbox 224 1770 356 1795; x_wconf 80' lang='lat' dir='ltr'><strong><em>rarum</em></strong></span> <span class='ocrx_word' id='word_1_122' title='bbox 378 1756 448 1795; x_wconf 88' lang='lat' dir='ltr'><strong><em>lib.</em></strong></span> <span class='ocrx_word' id='word_1_123' title='bbox 467 1770 513 1794; x_wconf 87' lang='lat' dir='ltr'><strong><em>x:</em></strong></span> <span class='ocrx_word' id='word_1_124' title='bbox 535 1755 721 1809; x_wconf 71' lang='lat' dir='ltr'><strong><em>fluctibus</em></strong></span> <span class='ocrx_word' id='word_1_125' title='bbox 741 1769 767 1795; x_wconf 88' lang='lat' dir='ltr'><strong><em>a</em></strong></span> <span class='ocrx_word' id='word_1_126' title='bbox 784 1758 986 1811; x_wconf 84' lang='lat' dir='ltr'><strong><em>ventisque</em></strong></span> <span class='ocrx_word' id='word_1_127' title='bbox 1006 1768 1118 1794; x_wconf 85' lang='lat' dir='ltr'><strong><em>aver-</em></strong></span> 
     </span>
     <span class='ocr_line' id='line_1_25' title="bbox 226 1825 1120 1876; baseline 0.001 -12"><span class='ocrx_word' id='word_1_128' title='bbox 226 1834 274 1865; x_wconf 91' lang='lat'><strong><em>20</em></strong></span> <span class='ocrx_word' id='word_1_129' title='bbox 312 1828 366 1864; x_wconf 86' lang='lat' dir='ltr'><strong><em>sis</em></strong></span> <span class='ocrx_word' id='word_1_130' title='bbox 395 1825 566 1876; x_wconf 70' lang='lat' dir='ltr'><strong><em>fizmiter</em></strong></span> <span class='ocrx_word' id='word_1_131' title='bbox 602 1832 744 1865; x_wconf 78' lang='lat' dir='ltr'><strong><em>essent.</em></strong></span> <span class='ocrx_word' id='word_1_132' title='bbox 817 1826 934 1865; x_wconf 89' lang='lat' dir='ltr'><strong><em>Idem</em></strong></span> <span class='ocrx_word' id='word_1_133' title='bbox 954 1826 1024 1865; x_wconf 76' lang='lat' dir='ltr'><strong><em>lib.</em></strong></span> <span class='ocrx_word' id='word_1_134' title='bbox 1045 1841 1120 1865; x_wconf 81' lang='lat' dir='ltr'><strong><em>xu:</em></strong></span> 
     </span>
     <span class='ocr_line' id='line_1_26' title="bbox 220 1896 1121 1952; baseline 0.002 -18"><span class='ocrx_word' id='word_1_135' title='bbox 220 1896 391 1947; x_wconf 86' lang='lat' dir='ltr'><strong><em>firmiter</em></strong></span> <span class='ocrx_word' id='word_1_136' title='bbox 422 1897 494 1936; x_wconf 79' lang='lat' dir='ltr'><strong><em>hoc</em></strong></span> <span class='ocrx_word' id='word_1_137' title='bbox 525 1899 758 1952; x_wconf 77' lang='lat' dir='ltr'><strong><em>pariterque</em></strong></span> <span class='ocrx_word' id='word_1_138' title='bbox 786 1901 853 1935; x_wconf 90' lang='lat' dir='ltr'><strong><em>tuo</em></strong></span> <span class='ocrx_word' id='word_1_139' title='bbox 884 1898 936 1935; x_wconf 88' lang='lat' dir='ltr'><strong><em>sit</em></strong></span> <span class='ocrx_word' id='word_1_140' title='bbox 964 1903 1121 1951; x_wconf 84' lang='lat' dir='ltr'><strong><em>pectore</em></strong></span> 
     </span>
     <span class='ocr_line' id='line_1_27' title="bbox 221 1966 1122 2019; baseline 0.002 -14"><span class='ocrx_word' id='word_1_141' title='bbox 221 1966 360 2017; x_wconf 81' lang='lat' dir='ltr'><strong><em>fixum.</em></strong></span> <span class='ocrx_word' id='word_1_142' title='bbox 409 1967 598 2006; x_wconf 81' lang='lat' dir='ltr'><strong><em>Afranius</em></strong></span> <span class='ocrx_word' id='word_1_143' title='bbox 621 1967 804 2019; x_wconf 79' lang='lat' dir='ltr'><strong><em>Augure:</em></strong></span> <span class='ocrx_word' id='word_1_144' title='bbox 832 1967 904 2005; x_wconf 80' lang='lat' dir='ltr'><strong><em>hoc</em></strong></span> <span class='ocrx_word' id='word_1_145' title='bbox 926 1967 1051 2013; x_wconf 80' lang='lat' dir='ltr'><strong><em>heret,</em></strong></span> <span class='ocrx_word' id='word_1_146' title='bbox 1076 1974 1122 2007; x_wconf 84' lang='lat' dir='ltr'><strong><em>ut</em></strong></span> 
     </span>
     <span class='ocr_line' id='line_1_28' title="bbox 224 2035 1118 2090; baseline 0 -14"><span class='ocrx_word' id='word_1_147' title='bbox 224 2044 296 2076; x_wconf 89' lang='lat' dir='ltr'><strong><em>aut</em></strong></span> <span class='ocrx_word' id='word_1_148' title='bbox 322 2038 469 2076; x_wconf 87' lang='lat' dir='ltr'><strong><em>clamor</em></strong></span> <span class='ocrx_word' id='word_1_149' title='bbox 497 2039 648 2083; x_wconf 84' lang='lat' dir='ltr'><strong><em>oritur,</em></strong></span> <span class='ocrx_word' id='word_1_150' title='bbox 687 2038 759 2075; x_wconf 88' lang='lat' dir='ltr'><strong><em>sed</em></strong></span> <span class='ocrx_word' id='word_1_151' title='bbox 789 2038 968 2090; x_wconf 84' lang='lat' dir='ltr'><strong><em>spiritum</em></strong></span> <span class='ocrx_word' id='word_1_152' title='bbox 993 2035 1118 2086; x_wconf 79' lang='lat' dir='ltr'><strong><em>firmi-</em></strong></span> 
     </span>
     <span class='ocr_line' id='line_1_29' title="bbox 220 2107 1118 2159; baseline 0.001 -13"><span class='ocrx_word' id='word_1_153' title='bbox 220 2112 284 2146; x_wconf 90' lang='lat' dir='ltr'><strong><em>ter</em></strong></span> <span class='ocrx_word' id='word_1_154' title='bbox 313 2109 450 2145; x_wconf 85' lang='lat' dir='ltr'><strong><em>instat.</em></strong></span> <span class='ocrx_word' id='word_1_155' title='bbox 503 2107 561 2146; x_wconf 88' lang='lat' dir='ltr'><strong><em>M.</em></strong></span> <span class='ocrx_word' id='word_1_156' title='bbox 591 2107 753 2146; x_wconf 91' lang='lat' dir='ltr'><strong><em>Tullius</em></strong></span> <span class='ocrx_word' id='word_1_157' title='bbox 782 2107 832 2145; x_wconf 85' lang='lat' dir='ltr'><strong><em>de</em></strong></span> <span class='ocrx_word' id='word_1_158' title='bbox 857 2107 920 2147; x_wconf 85' lang='lat' dir='ltr'><strong><em>Re</em></strong></span> <span class='ocrx_word' id='word_1_159' title='bbox 955 2107 1118 2159; x_wconf 84' lang='lat' dir='ltr'><strong><em>publica</em></strong></span> 
     </span>
     <span class='ocr_line' id='line_1_30' title="bbox 221 2176 1115 2227; baseline 0.002 -11"><span class='ocrx_word' id='word_1_160' title='bbox 221 2177 291 2216; x_wconf 84' lang='lat' dir='ltr'><strong><em>lib.</em></strong></span> <span class='ocrx_word' id='word_1_161' title='bbox 306 2191 366 2215; x_wconf 82' lang='lat' dir='ltr'><strong><em>v1:</em></strong></span> <span class='ocrx_word' id='word_1_162' title='bbox 390 2176 560 2227; x_wconf 82' lang='lat' dir='ltr'><strong><em>firmiter</em></strong></span> <span class='ocrx_word' id='word_1_163' title='bbox 580 2179 682 2217; x_wconf 85' lang='lat' dir='ltr'><strong><em>enim</em></strong></span> <span class='ocrx_word' id='word_1_164' title='bbox 700 2179 868 2217; x_wconf 87' lang='lat' dir='ltr'><strong><em>maiores</em></strong></span> <span class='ocrx_word' id='word_1_165' title='bbox 888 2179 1016 2218; x_wconf 80' lang='lat' dir='ltr'><strong><em>nostri</em></strong></span> <span class='ocrx_word' id='word_1_166' title='bbox 1033 2184 1115 2219; x_wconf 84' lang='lat' dir='ltr'><strong><em>sta-</em></strong></span> 
     </span>
     <span class='ocr_line' id='line_1_31' title="bbox 219 2247 959 2287; baseline 0.003 -2"><span class='ocrx_word' id='word_1_167' title='bbox 219 2247 332 2286; x_wconf 82' lang='lat' dir='ltr'><strong><em>bilita</em></strong></span> <span class='ocrx_word' id='word_1_168' title='bbox 356 2248 608 2286; x_wconf 85' lang='lat' dir='ltr'><strong><em>matrimonia</em></strong></span> <span class='ocrx_word' id='word_1_169' title='bbox 630 2261 713 2286; x_wconf 88' lang='lat' dir='ltr'><strong><em>esse</em></strong></span> <span class='ocrx_word' id='word_1_170' title='bbox 738 2249 959 2287; x_wconf 85' lang='lat' dir='ltr'><strong><em>voluerunt.</em></strong></span> 
     </span>
    </p>
   </div>
   <div class='ocr_carea' id='block_1_3' title="bbox 216 2358 1115 2915">
    <p class='ocr_par' dir='ltr' id='par_1_5' title="bbox 216 2358 1115 2915">
     <span class='ocr_line' id='line_1_32' title="bbox 216 2358 1115 2406; baseline 0.003 -16"><span class='ocrx_word' id='word_1_171' title='bbox 216 2359 319 2390; x_wconf 67' lang='lat' dir='ltr'><strong><em>hebat</em></strong></span> <span class='ocrx_word' id='word_1_172' title='bbox 330 2359 380 2390; x_wconf 90' lang='grc' dir='ltr'><strong><em>Μ.</em></strong></span> <span class='ocrx_word' id='word_1_173' title='bbox 395 2358 501 2390; x_wconf 80' lang='lat' dir='ltr'><strong><em>bibax</em></strong></span> <span class='ocrx_word' id='word_1_174' title='bbox 522 2359 592 2403; x_wconf 85' lang='lat' dir='ltr'><strong><em>ch.</em></strong></span> <span class='ocrx_word' id='word_1_175' title='bbox 610 2371 702 2392; x_wconf 86' lang='lat' dir='ltr'><strong><em>euax</em></strong></span> <span class='ocrx_word' id='word_1_176' title='bbox 715 2359 863 2401; x_wconf 81' lang='lat' dir='ltr'><strong><em>choth.</em></strong></span> <span class='ocrx_word' id='word_1_177' title='bbox 886 2361 1000 2393; x_wconf 79' lang='lat' dir='ltr'><strong><em>vietus</em></strong></span> <span class='ocrx_word' id='word_1_178' title='bbox 1013 2372 1115 2406; x_wconf 87' lang='lat' dir='ltr'><strong><em>quam</em></strong></span> 
     </span>
     <span class='ocr_line' id='line_1_33' title="bbox 223 2414 1115 2460; baseline 0.002 -12"><span class='ocrx_word' id='word_1_179' title='bbox 223 2414 440 2459; x_wconf 81' lang='lat' dir='ltr'><strong><em>chebhard.</em></strong></span> <span class='ocrx_word' id='word_1_180' title='bbox 469 2420 566 2446; x_wconf 80' lang='lat' dir='ltr'><strong><em>vetas</em></strong></span> <span class='ocrx_word' id='word_1_181' title='bbox 592 2428 693 2460; x_wconf 86' lang='lat' dir='ltr'><strong><em>quam</em></strong></span> <span class='ocrx_word' id='word_1_182' title='bbox 714 2416 864 2460; x_wconf 87' lang='lat' dir='ltr'><strong><em>chothe</em></strong></span> <span class='ocrx_word' id='word_1_183' title='bbox 884 2416 918 2449; x_wconf 80' lang='lat'><strong><em>2.</em></strong></span> <span class='ocrx_word' id='word_1_184' title='bbox 945 2418 1115 2450; x_wconf 76' lang='lat' dir='ltr'><strong><em>consulito</em></strong></span> 
     </span>
     <span class='ocr_line' id='line_1_34' title="bbox 221 2469 1110 2516; baseline 0.002 -13"><span class='ocrx_word' id='word_1_185' title='bbox 221 2470 293 2503; x_wconf 83' lang='lat' dir='ltr'><strong><em>AJ.</em></strong></span> <span class='ocrx_word' id='word_1_186' title='bbox 311 2471 461 2504; x_wconf 77' lang='lat' dir='ltr'><strong><em>consulit</em></strong></span> <span class='ocrx_word' id='word_1_187' title='bbox 473 2482 492 2503; x_wconf 93' lang='lat' dir='ltr'><strong><em>o</em></strong></span> <span class='ocrx_word' id='word_1_188' title='bbox 503 2469 651 2514; x_wconf 83' lang='lat' dir='ltr'><strong><em>cheuk.</em></strong></span> <span class='ocrx_word' id='word_1_189' title='bbox 668 2474 820 2505; x_wconf 80' lang='lat' dir='ltr'><strong><em>consulis</em></strong></span> <span class='ocrx_word' id='word_1_190' title='bbox 831 2472 902 2516; x_wconf 82' lang='lat' dir='ltr'><strong><em>ch.</em></strong></span> <span class='ocrx_word' id='word_1_191' title='bbox 915 2485 976 2506; x_wconf 85' lang='lat' dir='ltr'><strong><em>ora</em></strong></span> <span class='ocrx_word' id='word_1_192' title='bbox 990 2472 1110 2506; x_wconf 79' lang='lat'><strong><em>1480.</em></strong></span> 
     </span>
     <span class='ocr_line' id='line_1_35' title="bbox 220 2526 1112 2575; baseline 0.003 -16"><span class='ocrx_word' id='word_1_193' title='bbox 220 2533 247 2559; x_wconf 80' lang='lat' dir='ltr'><strong><em>t.</em></strong></span> <span class='ocrx_word' id='word_1_194' title='bbox 276 2527 530 2559; x_wconf 75' lang='lat' dir='ltr'><strong><em>exornationem</em></strong></span> <span class='ocrx_word' id='word_1_195' title='bbox 557 2526 704 2571; x_wconf 83' lang='lat' dir='ltr'><strong><em>chothe</em></strong></span> <span class='ocrx_word' id='word_1_196' title='bbox 723 2529 759 2561; x_wconf 75' lang='lat'><strong><em>2.</em></strong></span> <span class='ocrx_word' id='word_1_197' title='bbox 781 2541 859 2561; x_wconf 87' lang='lat' dir='ltr'><strong><em>nam</em></strong></span> <span class='ocrx_word' id='word_1_198' title='bbox 882 2530 988 2575; x_wconf 83' lang='lat' dir='ltr'><strong><em>quin.</em></strong></span> <span class='ocrx_word' id='word_1_199' title='bbox 1008 2554 1016 2560; x_wconf 88' lang='lat'><strong><em>.</em></strong></span> <span class='ocrx_word' id='word_1_200' title='bbox 1032 2529 1112 2562; x_wconf 82' lang='lat' dir='ltr'><strong><em>edu-</em></strong></span> 
     </span>
     <span class='ocr_line' id='line_1_36' title="bbox 220 2582 1112 2627; baseline 0.004 -11"><span class='ocrx_word' id='word_1_201' title='bbox 220 2585 310 2616; x_wconf 83' lang='lat' dir='ltr'><strong><em>carit</em></strong></span> <span class='ocrx_word' id='word_1_202' title='bbox 327 2583 466 2627; x_wconf 82' lang='lat' dir='ltr'><strong><em>ch.1).</em></strong></span> <span class='ocrx_word' id='word_1_203' title='bbox 483 2582 700 2627; x_wconf 73' lang='lat' dir='ltr'><strong><em>prSpengeL</em></strong></span> <span class='ocrx_word' id='word_1_204' title='bbox 719 2585 846 2618; x_wconf 84' lang='lat' dir='ltr'><strong><em>Bothe.</em></strong></span> <span class='ocrx_word' id='word_1_205' title='bbox 871 2598 934 2619; x_wconf 80' lang='lat' dir='ltr'><strong><em>nos</em></strong></span> <span class='ocrx_word' id='word_1_206' title='bbox 956 2586 1010 2618; x_wconf 84' lang='lat' dir='ltr'><strong><em>ecl.</em></strong></span> <span class='ocrx_word' id='word_1_207' title='bbox 1032 2591 1112 2620; x_wconf 84' lang='lat' dir='ltr'><strong><em>ante</em></strong></span> 
     </span>
     <span class='ocr_line' id='line_1_37' title="bbox 224 2638 1110 2687; baseline 0.005 -16"><span class='ocrx_word' id='word_1_208' title='bbox 224 2650 257 2675; x_wconf 82' lang='grc' dir='ltr'><strong><em>ιο</em></strong></span> <span class='ocrx_word' id='word_1_209' title='bbox 274 2638 323 2672; x_wconf 85' lang='grc' dir='ltr'><strong><em>Α.</em></strong></span> <span class='ocrx_word' id='word_1_210' title='bbox 341 2639 512 2683; x_wconf 82' lang='lat' dir='ltr'><strong><em>captando</em></strong></span> <span class='ocrx_word' id='word_1_211' title='bbox 521 2641 588 2677; x_wconf 88' lang='lat' dir='ltr'><strong><em>W,</em></strong></span> <span class='ocrx_word' id='word_1_212' title='bbox 600 2641 692 2683; x_wconf 72' lang='lat' dir='ltr'><strong><em>ng⁹</em></strong></span> <span class='ocrx_word' id='word_1_213' title='bbox 702 2641 748 2675; x_wconf 85' lang='lat' dir='ltr'><strong><em>M.</em></strong></span> <span class='ocrx_word' id='word_1_214' title='bbox 765 2643 883 2675; x_wconf 74' lang='lat' dir='ltr'><strong><em>cicero</em></strong></span> <span class='ocrx_word' id='word_1_215' title='bbox 896 2655 928 2687; x_wconf 84' lang='lat' dir='ltr'><strong><em>p.</em></strong></span> <span class='ocrx_word' id='word_1_216' title='bbox 940 2642 1032 2680; x_wconf 86' lang='grc'>180,</span> <span class='ocrx_word' id='word_1_217' title='bbox 1047 2643 1110 2676; x_wconf 79' lang='grc'><strong><em>17.</em></strong></span> 
     </span>
     <span class='ocr_line' id='line_1_38' title="bbox 218 2695 1112 2741; baseline 0.008 -15"><span class='ocrx_word' id='word_1_218' title='bbox 218 2696 427 2737; x_wconf 76' lang='lat' dir='ltr'><strong><em>perscribere</em></strong></span> <span class='ocrx_word' id='word_1_219' title='bbox 444 2695 495 2729; x_wconf 82' lang='lat' dir='ltr'><strong><em>M.</em></strong></span> <span class='ocrx_word' id='word_1_220' title='bbox 521 2698 741 2741; x_wconf 67' lang='lat' dir='ltr'><strong><em>venientisque</em></strong></span> <span class='ocrx_word' id='word_1_221' title='bbox 754 2699 804 2735; x_wconf 87' lang='lat' dir='ltr'><strong><em>L;</em></strong></span> <span class='ocrx_word' id='word_1_222' title='bbox 822 2700 928 2732; x_wconf 79' lang='lat' dir='ltr'><strong><em>ctiam</em></strong></span> <span class='ocrx_word' id='word_1_223' title='bbox 945 2700 982 2733; x_wconf 86' lang='lat' dir='ltr'><strong><em>in</em></strong></span> <span class='ocrx_word' id='word_1_224' title='bbox 999 2700 1055 2733; x_wconf 88' lang='lat' dir='ltr'>W</span> <span class='ocrx_word' id='word_1_225' title='bbox 1070 2712 1112 2732; x_wconf 80' lang='lat' dir='ltr'><strong><em>cn</em></strong></span> 
     </span>
     <span class='ocr_line' id='line_1_39' title="bbox 217 2752 1107 2801; baseline 0.004 -16"><span class='ocrx_word' id='word_1_226' title='bbox 217 2764 254 2789; x_wconf 82' lang='lat'><strong><em>20</em></strong></span> <span class='ocrx_word' id='word_1_227' title='bbox 272 2764 443 2796; x_wconf 80' lang='lat' dir='ltr'><strong><em>superscr.</em></strong></span> <span class='ocrx_word' id='word_1_228' title='bbox 465 2752 621 2786; x_wconf 85' lang='lat' dir='ltr'><strong><em>adversis</em></strong></span> <span class='ocrx_word' id='word_1_229' title='bbox 643 2753 757 2788; x_wconf 83' lang='lat'><strong><em>1480.</em></strong></span> <span class='ocrx_word' id='word_1_230' title='bbox 774 2756 846 2789; x_wconf 80' lang='lat' dir='ltr'><strong><em>AJ.</em></strong></span> <span class='ocrx_word' id='word_1_231' title='bbox 868 2757 927 2789; x_wconf 79' lang='lat' dir='ltr'><strong><em>hoc</em></strong></span> <span class='ocrx_word' id='word_1_232' title='bbox 943 2757 1107 2801; x_wconf 82' lang='lat' dir='ltr'><strong><em>probiter-</em></strong></span> 
     </span>
     <span class='ocr_line' id='line_1_40' title="bbox 217 2807 1110 2859; baseline 0.004 -18"><span class='ocrx_word' id='word_1_233' title='bbox 217 2820 282 2852; x_wconf 77' lang='lat' dir='ltr'><strong><em>quc</em></strong></span> <span class='ocrx_word' id='word_1_234' title='bbox 307 2807 507 2853; x_wconf 84' lang='lat' dir='ltr'><strong><em>chulielm.</em></strong></span> <span class='ocrx_word' id='word_1_235' title='bbox 529 2810 777 2853; x_wconf 77' lang='lat' dir='ltr'><strong><em>probFrDusa.</em></strong></span> <span class='ocrx_word' id='word_1_236' title='bbox 803 2813 861 2846; x_wconf 76' lang='lat' dir='ltr'><strong><em>hoc</em></strong></span> <span class='ocrx_word' id='word_1_237' title='bbox 878 2814 992 2857; x_wconf 77' lang='lat' dir='ltr'><strong><em>patris</em></strong></span> <span class='ocrx_word' id='word_1_238' title='bbox 1009 2820 1110 2859; x_wconf 79' lang='lat' dir='ltr'><strong><em>atquc</em></strong></span> 
     </span>
     <span class='ocr_line' id='line_1_41' title="bbox 218 2864 1106 2915; baseline 0.002 -15"><span class='ocrx_word' id='word_1_239' title='bbox 218 2864 383 2909; x_wconf 62' lang='lat' dir='ltr'><strong><em>erDusa.</em></strong></span> <span class='ocrx_word' id='word_1_240' title='bbox 400 2866 460 2899; x_wconf 79' lang='lat' dir='ltr'><strong><em>hoc</em></strong></span> <span class='ocrx_word' id='word_1_241' title='bbox 474 2867 550 2903; x_wconf 81' lang='lat' dir='ltr'><strong><em>erit,</em></strong></span> <span class='ocrx_word' id='word_1_242' title='bbox 567 2873 603 2900; x_wconf 81' lang='lat' dir='ltr'><strong><em>ut</em></strong></span> <span class='ocrx_word' id='word_1_243' title='bbox 618 2868 660 2901; x_wconf 83' lang='lat' dir='ltr'><strong><em>cl.</em></strong></span> <span class='ocrx_word' id='word_1_244' title='bbox 677 2869 822 2907; x_wconf 80' lang='lat' dir='ltr'><strong><em>oriatur,</em></strong></span> <span class='ocrx_word' id='word_1_245' title='bbox 841 2871 870 2902; x_wconf 67' lang='lat' dir='ltr'><strong><em>si</em></strong></span> <span class='ocrx_word' id='word_1_246' title='bbox 883 2870 1106 2915; x_wconf 79' lang='lat' dir='ltr'><strong><em>adspernanti</em></strong></span> 
     </span>
    </p>
   </div>
   <div class='ocr_carea' id='block_1_4' title="bbox 900 107 1481 152">
    <p class='ocr_par' dir='ltr' id='par_1_6' title="bbox 900 107 1481 152">
     <span class='ocr_line' id='line_1_42' title="bbox 900 107 1481 152; baseline 0.002 -1"><span class='ocrx_word' id='word_1_247' title='bbox 900 107 1112 151; x_wconf 87' lang='lat' dir='ltr'><strong>NONIUS</strong></span> <span class='ocrx_word' id='word_1_248' title='bbox 1141 107 1481 152; x_wconf 85' lang='lat' dir='ltr'><strong>MARCELLUS</strong></span> 
     </span>
    </p>
   </div>
   <div class='ocr_carea' id='block_1_5' title="bbox 1175 217 2085 2306">
    <p class='ocr_par' dir='ltr' id='par_1_7' title="bbox 1195 217 2083 340">
     <span class='ocr_line' id='line_1_43' title="bbox 1248 217 2083 271; baseline 0.001 -15"><span class='ocrx_word' id='word_1_249' title='bbox 1248 217 1405 256; x_wconf 70' lang='lat' dir='ltr'><strong><em>meAE</em></strong></span> <span class='ocrx_word' id='word_1_250' title='bbox 1433 231 1508 270; x_wconf 83' lang='lat' dir='ltr'><strong><em>pro</em></strong></span> <span class='ocrx_word' id='word_1_251' title='bbox 1530 217 1716 257; x_wconf 82' lang='lat' dir='ltr'><strong><em>fideliter.</em></strong></span> <span class='ocrx_word' id='word_1_252' title='bbox 1755 217 1922 256; x_wconf 84' lang='lat' dir='ltr'><strong><em>Plautus</em></strong></span> <span class='ocrx_word' id='word_1_253' title='bbox 1946 219 2083 271; x_wconf 84' lang='lat' dir='ltr'><strong><em>Capti-</em></strong></span> 
     </span>
     <span class='ocr_line' id='line_1_44' title="bbox 1195 285 2082 340; baseline 0.001 -13"><span class='ocrx_word' id='word_1_254' title='bbox 1195 289 1276 327; x_wconf 89' lang='lat' dir='ltr'><strong><em>vis:</em></strong></span> <span class='ocrx_word' id='word_1_255' title='bbox 1305 287 1371 336; x_wconf 73' lang='lat' dir='ltr'><strong><em>fac</em></strong></span> <span class='ocrx_word' id='word_1_256' title='bbox 1388 285 1523 338; x_wconf 80' lang='lat' dir='ltr'><strong><em>fidele:</em></strong></span> <span class='ocrx_word' id='word_1_257' title='bbox 1549 301 1639 327; x_wconf 87' lang='lat' dir='ltr'><strong><em>cave</em></strong></span> <span class='ocrx_word' id='word_1_258' title='bbox 1654 288 1773 339; x_wconf 82' lang='lat' dir='ltr'><strong><em>fidem</em></strong></span> <span class='ocrx_word' id='word_1_259' title='bbox 1789 286 1940 340; x_wconf 78' lang='lat' dir='ltr'><strong><em>fluxam</em></strong></span> <span class='ocrx_word' id='word_1_260' title='bbox 1958 289 2082 338; x_wconf 78' lang='lat' dir='ltr'><strong><em>feras.</em></strong></span> 
     </span>
    </p>

    <p class='ocr_par' dir='ltr' id='par_1_8' title="bbox 1188 358 2085 902">
     <span class='ocr_line' id='line_1_45' title="bbox 1248 358 2084 412; baseline 0.002 -16"><span class='ocrx_word' id='word_1_261' title='bbox 1248 358 1466 402; x_wconf 74' lang='lat' dir='ltr'><strong><em>AEQmTER</em></strong></span> <span class='ocrx_word' id='word_1_262' title='bbox 1484 371 1556 409; x_wconf 80' lang='lat' dir='ltr'><strong><em>pro</em></strong></span> <span class='ocrx_word' id='word_1_263' title='bbox 1579 372 1717 412; x_wconf 83' lang='lat' dir='ltr'><strong><em>aeque.</em></strong></span> <span class='ocrx_word' id='word_1_264' title='bbox 1745 359 1945 398; x_wconf 84' lang='lat' dir='ltr'><strong><em>Pacuvius</em></strong></span> <span class='ocrx_word' id='word_1_265' title='bbox 1959 359 2084 398; x_wconf 83' lang='lat' dir='ltr'><strong><em>Atha-</em></strong></span> 
     </span>
     <span class='ocr_line' id='line_1_46' title="bbox 1194 427 2085 482; baseline 0.003 -17"><span class='ocrx_word' id='word_1_266' title='bbox 1194 427 1319 466; x_wconf 81' lang='lat' dir='ltr'><strong><em>lanta:</em></strong></span> <span class='ocrx_word' id='word_1_267' title='bbox 1360 432 1585 466; x_wconf 83' lang='lat' dir='ltr'><strong><em>concertare</em></strong></span> <span class='ocrx_word' id='word_1_268' title='bbox 1611 441 1658 467; x_wconf 90' lang='lat' dir='ltr'><strong><em>ac</em></strong></span> <span class='ocrx_word' id='word_1_269' title='bbox 1686 429 1895 469; x_wconf 80' lang='lat' dir='ltr'><strong><em>dissentire</em></strong></span> <span class='ocrx_word' id='word_1_270' title='bbox 1916 435 2085 482; x_wconf 81' lang='lat' dir='ltr'><strong><em>partem,</em></strong></span> 
     </span>
     <span class='ocr_line' id='line_1_47' title="bbox 1193 498 2084 551; baseline 0.002 -15"><span class='ocrx_word' id='word_1_271' title='bbox 1193 498 1249 536; x_wconf 86' lang='lat' dir='ltr'><strong><em>da</em></strong></span> <span class='ocrx_word' id='word_1_272' title='bbox 1270 509 1427 535; x_wconf 87' lang='lat' dir='ltr'><strong><em>cursum</em></strong></span> <span class='ocrx_word' id='word_1_273' title='bbox 1447 498 1641 551; x_wconf 84' lang='lat' dir='ltr'><strong><em>aequiter.</em></strong></span> <span class='ocrx_word' id='word_1_274' title='bbox 1695 499 1842 537; x_wconf 88' lang='lat' dir='ltr'><strong><em>Accius</em></strong></span> <span class='ocrx_word' id='word_1_275' title='bbox 1865 500 2084 539; x_wconf 81' lang='lat' dir='ltr'><strong><em>Antenori-</em></strong></span> 
     </span>
     <span class='ocr_line' id='line_1_48' title="bbox 1195 567 2081 621; baseline 0.001 -15"><span class='ocrx_word' id='word_1_276' title='bbox 1195 568 1274 606; x_wconf 86' lang='lat' dir='ltr'><strong><em>dis:</em></strong></span> <span class='ocrx_word' id='word_1_277' title='bbox 1315 568 1372 605; x_wconf 90' lang='lat' dir='ltr'><strong><em>ad</em></strong></span> <span class='ocrx_word' id='word_1_278' title='bbox 1389 567 1573 619; x_wconf 84' lang='lat' dir='ltr'><strong><em>populum</em></strong></span> <span class='ocrx_word' id='word_1_279' title='bbox 1606 568 1785 620; x_wconf 66' lang='lat' dir='ltr'><strong><em>intellego</em></strong></span> <span class='ocrx_word' id='word_1_280' title='bbox 1807 569 2003 621; x_wconf 77' lang='lat' dir='ltr'><strong><em>Referuu-</em></strong></span> <span class='ocrx_word' id='word_1_281' title='bbox 2034 578 2081 607; x_wconf 87' lang='lat'><strong><em>30</em></strong></span> 
     </span>
     <span class='ocr_line' id='line_1_49' title="bbox 1195 637 2082 692; baseline 0.001 -16"><span class='ocrx_word' id='word_1_282' title='bbox 1195 638 1308 682; x_wconf 84' lang='lat' dir='ltr'><strong><em>dum,</em></strong></span> <span class='ocrx_word' id='word_1_283' title='bbox 1346 639 1529 692; x_wconf 75' lang='lat' dir='ltr'><strong><em>qnoniam</em></strong></span> <span class='ocrx_word' id='word_1_284' title='bbox 1555 637 1692 675; x_wconf 85' lang='lat' dir='ltr'><strong><em>horum</em></strong></span> <span class='ocrx_word' id='word_1_285' title='bbox 1717 639 1898 691; x_wconf 85' lang='lat' dir='ltr'><strong><em>aequiter</em></strong></span> <span class='ocrx_word' id='word_1_286' title='bbox 1928 646 2082 677; x_wconf 86' lang='lat' dir='ltr'><strong><em>senten-</em></strong></span> 
     </span>
     <span class='ocr_line' id='line_1_50' title="bbox 1193 706 2080 759; baseline 0.001 -13"><span class='ocrx_word' id='word_1_287' title='bbox 1193 709 1274 746; x_wconf 85' lang='lat' dir='ltr'><strong><em>tiae</em></strong></span> <span class='ocrx_word' id='word_1_288' title='bbox 1293 707 1436 746; x_wconf 83' lang='lat' dir='ltr'><strong><em>Fuere.</em></strong></span> <span class='ocrx_word' id='word_1_289' title='bbox 1467 706 1604 746; x_wconf 89' lang='lat' dir='ltr'><strong><em>Livius</em></strong></span> <span class='ocrx_word' id='word_1_290' title='bbox 1620 707 1780 759; x_wconf 76' lang='lat' dir='ltr'><strong><em>Egisto:</em></strong></span> <span class='ocrx_word' id='word_1_291' title='bbox 1809 721 1900 747; x_wconf 86' lang='lat' dir='ltr'><strong><em>nam</em></strong></span> <span class='ocrx_word' id='word_1_292' title='bbox 1918 715 1962 747; x_wconf 90' lang='lat' dir='ltr'><strong><em>ut</em></strong></span> <span class='ocrx_word' id='word_1_293' title='bbox 1980 709 2080 747; x_wconf 86' lang='lat' dir='ltr'><strong><em>Per-</em></strong></span> 
     </span>
     <span class='ocr_line' id='line_1_51' title="bbox 1189 777 2081 831; baseline 0.003 -16"><span class='ocrx_word' id='word_1_294' title='bbox 1189 791 1281 830; x_wconf 62' lang='lat' dir='ltr'><strong><em>gam</em></strong></span> <span class='ocrx_word' id='word_1_295' title='bbox 1306 777 1490 816; x_wconf 83' lang='lat' dir='ltr'><strong><em>Accensa</em></strong></span> <span class='ocrx_word' id='word_1_296' title='bbox 1523 783 1562 815; x_wconf 88' lang='lat' dir='ltr'><strong><em>et</em></strong></span> <span class='ocrx_word' id='word_1_297' title='bbox 1593 778 1786 830; x_wconf 87' lang='lat' dir='ltr'><strong><em>praedam</em></strong></span> <span class='ocrx_word' id='word_1_298' title='bbox 1819 791 1894 830; x_wconf 90' lang='lat' dir='ltr'><strong><em>per</em></strong></span> <span class='ocrx_word' id='word_1_299' title='bbox 1920 780 2081 831; x_wconf 84' lang='lat' dir='ltr'><strong><em>partici-</em></strong></span> 
     </span>
     <span class='ocr_line' id='line_1_52' title="bbox 1188 847 1713 902; baseline 0.004 -17"><span class='ocrx_word' id='word_1_300' title='bbox 1188 861 1259 899; x_wconf 89' lang='lat' dir='ltr'><strong><em>pes</em></strong></span> <span class='ocrx_word' id='word_1_301' title='bbox 1284 849 1436 902; x_wconf 86' lang='lat' dir='ltr'><strong><em>equiter</em></strong></span> <span class='ocrx_word' id='word_1_302' title='bbox 1455 847 1620 886; x_wconf 84' lang='lat' dir='ltr'><strong><em>Partita</em></strong></span> <span class='ocrx_word' id='word_1_303' title='bbox 1645 853 1713 887; x_wconf 89' lang='lat' dir='ltr'><strong><em>est.</em></strong></span> 
     </span>
    </p>

    <p class='ocr_par' dir='ltr' id='par_1_9' title="bbox 1182 913 2083 1669">
     <span class='ocr_line' id='line_1_53' title="bbox 1245 913 2081 969; baseline -0.001 -13"><span class='ocrx_word' id='word_1_304' title='bbox 1245 917 1488 956; x_wconf 72' lang='lat' dir='ltr'><strong><em>Pnssmmns</em></strong></span> <span class='ocrx_word' id='word_1_305' title='bbox 1506 931 1580 969; x_wconf 85' lang='lat' dir='ltr'><strong><em>pro</em></strong></span> <span class='ocrx_word' id='word_1_306' title='bbox 1596 917 1772 968; x_wconf 83' lang='lat' dir='ltr'><strong><em>publice.</em></strong></span> <span class='ocrx_word' id='word_1_307' title='bbox 1793 915 1874 954; x_wconf 88' lang='lat' dir='ltr'><strong><em>Lu·</em></strong></span> <span class='ocrx_word' id='word_1_308' title='bbox 1887 913 1943 969; x_wconf 91' lang='lat' dir='ltr'><strong><em>(p.</em></strong></span> <span class='ocrx_word' id='word_1_309' title='bbox 1957 916 2081 964; x_wconf 74' lang='lat'><strong><em>515.)</em></strong></span> 
     </span>
     <span class='ocr_line' id='line_1_54' title="bbox 1190 987 2083 1039; baseline 0 -14"><span class='ocrx_word' id='word_1_310' title='bbox 1190 987 1306 1026; x_wconf 84' lang='lat' dir='ltr'><strong><em>cilius</em></strong></span> <span class='ocrx_word' id='word_1_311' title='bbox 1338 987 1570 1039; x_wconf 74' lang='lat' dir='ltr'><strong><em>Satyrarum</em></strong></span> <span class='ocrx_word' id='word_1_312' title='bbox 1600 987 1669 1025; x_wconf 89' lang='lat' dir='ltr'><strong><em>lib.</em></strong></span> <span class='ocrx_word' id='word_1_313' title='bbox 1692 1000 1775 1025; x_wconf 65' lang='lat'>311:</span> <span class='ocrx_word' id='word_1_314' title='bbox 1816 987 1906 1024; x_wconf 79' lang='lat' dir='ltr'><strong><em>huic</em></strong></span> <span class='ocrx_word' id='word_1_315' title='bbox 1937 987 2083 1026; x_wconf 77' lang='lat' dir='ltr'><strong><em>homini</em></strong></span> 
     </span>
     <span class='ocr_line' id='line_1_55' title="bbox 1189 1058 2082 1112; baseline -0.001 -16"><span class='ocrx_word' id='word_1_316' title='bbox 1189 1064 1371 1111; x_wconf 77' lang='lat' dir='ltr'><strong><em>questore</em></strong></span> <span class='ocrx_word' id='word_1_317' title='bbox 1395 1058 1528 1112; x_wconf 83' lang='lat' dir='ltr'><strong><em>aliquo</em></strong></span> <span class='ocrx_word' id='word_1_318' title='bbox 1555 1070 1638 1095; x_wconf 90' lang='lat' dir='ltr'><strong><em>esse</em></strong></span> <span class='ocrx_word' id='word_1_319' title='bbox 1664 1070 1760 1110; x_wconf 89' lang='lat' dir='ltr'><strong><em>opus</em></strong></span> <span class='ocrx_word' id='word_1_320' title='bbox 1786 1062 1905 1112; x_wconf 84' lang='lat' dir='ltr'><strong><em>atque</em></strong></span> <span class='ocrx_word' id='word_1_321' title='bbox 1925 1071 2082 1110; x_wconf 72' lang='lat' dir='ltr'><strong><em>coraqo,</em></strong></span> 
     </span>
     <span class='ocr_line' id='line_1_56' title="bbox 1185 1128 2079 1183; baseline 0 -17"><span class='ocrx_word' id='word_1_322' title='bbox 1185 1128 1405 1167; x_wconf 80' lang='lat' dir='ltr'><strong><em>Publicitus</em></strong></span> <span class='ocrx_word' id='word_1_323' title='bbox 1428 1130 1501 1182; x_wconf 85' lang='lat' dir='ltr'><strong><em>qui</em></strong></span> <span class='ocrx_word' id='word_1_324' title='bbox 1521 1128 1618 1166; x_wconf 83' lang='lat' dir='ltr'><strong><em>mihi</em></strong></span> <span class='ocrx_word' id='word_1_325' title='bbox 1645 1133 1765 1183; x_wconf 80' lang='lat' dir='ltr'><strong><em>atque</em></strong></span> <span class='ocrx_word' id='word_1_326' title='bbox 1786 1141 1807 1165; x_wconf 93' lang='lat' dir='ltr'><strong><em>e</em></strong></span> <span class='ocrx_word' id='word_1_327' title='bbox 1824 1128 1931 1180; x_wconf 87' lang='lat' dir='ltr'><strong><em>pisco</em></strong></span> <span class='ocrx_word' id='word_1_328' title='bbox 1963 1141 2079 1179; x_wconf 85' lang='lat' dir='ltr'><strong><em>prae-</em></strong></span> 
     </span>
     <span class='ocr_line' id='line_1_57' title="bbox 1185 1198 2078 1250; baseline 0.001 -14"><span class='ocrx_word' id='word_1_329' title='bbox 1185 1198 1273 1236; x_wconf 86' lang='lat' dir='ltr'><strong><em>beat</em></strong></span> <span class='ocrx_word' id='word_1_330' title='bbox 1303 1211 1455 1237; x_wconf 69' lang='lat' dir='ltr'><strong><em>accrum.</em></strong></span> <span class='ocrx_word' id='word_1_331' title='bbox 1509 1198 1626 1236; x_wconf 85' lang='lat' dir='ltr'><strong><em>Idem</em></strong></span> <span class='ocrx_word' id='word_1_332' title='bbox 1653 1198 1722 1236; x_wconf 91' lang='lat' dir='ltr'><strong><em>lib.</em></strong></span> <span class='ocrx_word' id='word_1_333' title='bbox 1745 1211 1833 1235; x_wconf 75' lang='lat' dir='ltr'><strong><em>xvn</em></strong></span> <span class='ocrx_word' id='word_1_334' title='bbox 1870 1198 2078 1250; x_wconf 77' lang='lat' dir='ltr'><strong><em>publicitus</em></strong></span> 
     </span>
     <span class='ocr_line' id='line_1_58' title="bbox 1183 1268 2076 1322; baseline 0 -16"><span class='ocrx_word' id='word_1_335' title='bbox 1183 1269 1318 1306; x_wconf 84' lang='lat' dir='ltr'><strong><em>vendit</em></strong></span> <span class='ocrx_word' id='word_1_336' title='bbox 1350 1274 1501 1311; x_wconf 85' lang='lat' dir='ltr'><strong><em>tamen,</em></strong></span> <span class='ocrx_word' id='word_1_337' title='bbox 1541 1272 1662 1322; x_wconf 84' lang='lat' dir='ltr'><strong><em>atque</em></strong></span> <span class='ocrx_word' id='word_1_338' title='bbox 1694 1272 1870 1305; x_wconf 85' lang='lat' dir='ltr'><strong><em>extrema</em></strong></span> <span class='ocrx_word' id='word_1_339' title='bbox 1903 1268 2076 1321; x_wconf 70' lang='lat' dir='ltr'><strong><em>liqurris.</em></strong></span> 
     </span>
     <span class='ocr_line' id='line_1_59' title="bbox 1184 1337 2077 1390; baseline -0.001 -13"><span class='ocrx_word' id='word_1_340' title='bbox 1184 1338 1351 1377; x_wconf 80' lang='lat' dir='ltr'><strong><em>Plautus</em></strong></span> <span class='ocrx_word' id='word_1_341' title='bbox 1379 1337 1647 1390; x_wconf 82' lang='lat' dir='ltr'><strong><em>Amfitryone:</em></strong></span> <span class='ocrx_word' id='word_1_342' title='bbox 1684 1337 1847 1390; x_wconf 81' lang='lat' dir='ltr'><strong><em>hospitio</em></strong></span> <span class='ocrx_word' id='word_1_343' title='bbox 1868 1337 2077 1390; x_wconf 77' lang='lat' dir='ltr'><strong><em>publicitus</em></strong></span> 
     </span>
     <span class='ocr_line' id='line_1_60' title="bbox 1184 1407 2075 1460; baseline -0.001 -13"><span class='ocrx_word' id='word_1_344' title='bbox 1184 1408 1375 1460; x_wconf 79' lang='lat' dir='ltr'><strong><em>accipiat?</em></strong></span> <span class='ocrx_word' id='word_1_345' title='bbox 1405 1407 1604 1446; x_wconf 81' lang='lat' dir='ltr'><strong><em>Caecilius</em></strong></span> <span class='ocrx_word' id='word_1_346' title='bbox 1620 1407 1785 1446; x_wconf 83' lang='lat' dir='ltr'><strong><em>Plocio:</em></strong></span> <span class='ocrx_word' id='word_1_347' title='bbox 1816 1407 1877 1446; x_wconf 84' lang='lat' dir='ltr'><strong><em>ibo</em></strong></span> <span class='ocrx_word' id='word_1_348' title='bbox 1901 1409 2075 1446; x_wconf 83' lang='lat' dir='ltr'><strong><em>domum:</em></strong></span> 
     </span>
     <span class='ocr_line' id='line_1_61' title="bbox 1184 1477 2077 1531; baseline 0 -15"><span class='ocrx_word' id='word_1_349' title='bbox 1184 1478 1240 1516; x_wconf 84' lang='lat' dir='ltr'><strong><em>ad</em></strong></span> <span class='ocrx_word' id='word_1_350' title='bbox 1252 1478 1400 1531; x_wconf 88' lang='lat' dir='ltr'><strong><em>plebem</em></strong></span> <span class='ocrx_word' id='word_1_351' title='bbox 1416 1479 1611 1531; x_wconf 63' lang='lat' dir='ltr'><strong><em>pergitur,</em></strong></span> <span class='ocrx_word' id='word_1_352' title='bbox 1632 1477 1842 1531; x_wconf 84' lang='lat' dir='ltr'><strong><em>publicitus</em></strong></span> <span class='ocrx_word' id='word_1_353' title='bbox 1858 1477 2077 1529; x_wconf 76' lang='lat' dir='ltr'><strong><em>defendun-</em></strong></span> 
     </span>
     <span class='ocr_line' id='line_1_62' title="bbox 1183 1547 2076 1599; baseline 0 -13"><span class='ocrx_word' id='word_1_354' title='bbox 1183 1549 1275 1587; x_wconf 88' lang='lat' dir='ltr'><strong><em>dum</em></strong></span> <span class='ocrx_word' id='word_1_355' title='bbox 1293 1554 1362 1586; x_wconf 89' lang='lat' dir='ltr'><strong><em>est.</em></strong></span> <span class='ocrx_word' id='word_1_356' title='bbox 1381 1547 1627 1599; x_wconf 88' lang='lat' dir='ltr'><strong><em>Pomponius</em></strong></span> <span class='ocrx_word' id='word_1_357' title='bbox 1643 1547 1874 1599; x_wconf 84' lang='lat' dir='ltr'><strong><em>Campanis:</em></strong></span> <span class='ocrx_word' id='word_1_358' title='bbox 1890 1548 2076 1586; x_wconf 85' lang='lat' dir='ltr'><strong><em>datordo-</em></strong></span> 
     </span>
     <span class='ocr_line' id='line_1_63' title="bbox 1182 1617 2072 1669; baseline 0 -12"><span class='ocrx_word' id='word_1_359' title='bbox 1182 1632 1304 1657; x_wconf 86' lang='lat' dir='ltr'><strong><em>senno</em></strong></span> <span class='ocrx_word' id='word_1_360' title='bbox 1324 1623 1362 1656; x_wconf 89' lang='lat' dir='ltr'><strong><em>et</em></strong></span> <span class='ocrx_word' id='word_1_361' title='bbox 1378 1617 1590 1669; x_wconf 77' lang='lat' dir='ltr'><strong><em>fullonibus</em></strong></span> <span class='ocrx_word' id='word_1_362' title='bbox 1602 1617 1821 1656; x_wconf 81' lang='lat' dir='ltr'><strong><em>Publiciter</em></strong></span> <span class='ocrx_word' id='word_1_363' title='bbox 1838 1617 1998 1657; x_wconf 86' lang='lat' dir='ltr'><strong><em>cibaria.</em></strong></span> <span class='ocrx_word' id='word_1_364' title='bbox 2029 1626 2072 1657; x_wconf 89' lang='lat'><strong><em>10</em></strong></span> 
     </span>
    </p>

    <p class='ocr_par' dir='ltr' id='par_1_10' title="bbox 1181 1688 2071 1868">
     <span class='ocr_line' id='line_1_64' title="bbox 1232 1688 2070 1727; baseline 0 -1"><span class='ocrx_word' id='word_1_365' title='bbox 1232 1689 1542 1727; x_wconf 71' lang='lat' dir='ltr'><strong><em>Pnormwlmn.</em></strong></span> <span class='ocrx_word' id='word_1_366' title='bbox 1585 1688 1739 1727; x_wconf 87' lang='lat' dir='ltr'><strong><em>Ennius</em></strong></span> <span class='ocrx_word' id='word_1_367' title='bbox 1768 1689 2070 1727; x_wconf 83' lang='lat' dir='ltr'><strong><em>Pancratiaste:</em></strong></span> 
     </span>
     <span class='ocr_line' id='line_1_65' title="bbox 1181 1758 2071 1815; baseline -0.001 -17"><span class='ocrx_word' id='word_1_368' title='bbox 1181 1759 1270 1814; x_wconf 86' lang='lat' dir='ltr'><strong><em>quis</em></strong></span> <span class='ocrx_word' id='word_1_369' title='bbox 1304 1763 1382 1804; x_wconf 81' lang='lat' dir='ltr'><strong><em>est,</em></strong></span> <span class='ocrx_word' id='word_1_370' title='bbox 1418 1761 1489 1815; x_wconf 87' lang='lat' dir='ltr'><strong><em>qui</em></strong></span> <span class='ocrx_word' id='word_1_371' title='bbox 1517 1761 1660 1798; x_wconf 83' lang='lat' dir='ltr'><strong><em>nostris</em></strong></span> <span class='ocrx_word' id='word_1_372' title='bbox 1694 1758 1843 1811; x_wconf 73' lang='lat' dir='ltr'><strong><em>foribus</em></strong></span> <span class='ocrx_word' id='word_1_373' title='bbox 1871 1764 1952 1798; x_wconf 86' lang='lat' dir='ltr'><strong><em>tam</em></strong></span> <span class='ocrx_word' id='word_1_374' title='bbox 1980 1772 2071 1812; x_wconf 88' lang='lat' dir='ltr'><strong><em>pro-</em></strong></span> 
     </span>
     <span class='ocr_line' id='line_1_66' title="bbox 1183 1829 1377 1868; baseline -0.01 0"><span class='ocrx_word' id='word_1_375' title='bbox 1183 1829 1377 1868; x_wconf 80' lang='lat' dir='ltr'><strong><em>terviter?</em></strong></span> 
     </span>
    </p>

    <p class='ocr_par' dir='ltr' id='par_1_11' title="bbox 1175 1899 2072 2094">
     <span class='ocr_line' id='line_1_67' title="bbox 1238 1899 2072 1952; baseline 0.001 -15"><span class='ocrx_word' id='word_1_376' title='bbox 1238 1900 1465 1939; x_wconf 78' lang='lat' dir='ltr'><strong>IGNAVITER</strong></span> <span class='ocrx_word' id='word_1_377' title='bbox 1492 1913 1567 1952; x_wconf 88' lang='lat' dir='ltr'><strong><em>pro</em></strong></span> <span class='ocrx_word' id='word_1_378' title='bbox 1591 1900 1746 1951; x_wconf 76' lang='lat' dir='ltr'><strong><em>ignave.</em></strong></span> <span class='ocrx_word' id='word_1_379' title='bbox 1796 1899 1975 1938; x_wconf 85' lang='lat' dir='ltr'><strong><em>Lucilius</em></strong></span> <span class='ocrx_word' id='word_1_380' title='bbox 1998 1900 2072 1939; x_wconf 85' lang='lat' dir='ltr'><strong><em>Sa-</em></strong></span> 
     </span>
     <span class='ocr_line' id='line_1_68' title="bbox 1184 1969 2071 2023; baseline 0 -15"><span class='ocrx_word' id='word_1_381' title='bbox 1184 1974 1359 2023; x_wconf 75' lang='lat' dir='ltr'><strong><em>tyrarum</em></strong></span> <span class='ocrx_word' id='word_1_382' title='bbox 1384 1969 1454 2008; x_wconf 91' lang='lat' dir='ltr'><strong><em>lib.</em></strong></span> <span class='ocrx_word' id='word_1_383' title='bbox 1474 1983 1563 2008; x_wconf 73' lang='lat' dir='ltr'><strong><em>xvn</em></strong></span> <span class='ocrx_word' id='word_1_384' title='bbox 1589 1983 1662 2008; x_wconf 89' lang='lat' dir='ltr'><strong><em>cur</em></strong></span> <span class='ocrx_word' id='word_1_385' title='bbox 1679 1975 1761 2008; x_wconf 86' lang='lat' dir='ltr'><strong><em>tam</em></strong></span> <span class='ocrx_word' id='word_1_386' title='bbox 1785 1970 1980 2021; x_wconf 65' lang='lat' dir='ltr'><strong><em>ignaviter</em></strong></span> <span class='ocrx_word' id='word_1_387' title='bbox 2000 1970 2071 2008; x_wconf 77' lang='lat' dir='ltr'><strong><em>hoc</em></strong></span> 
     </span>
     <span class='ocr_line' id='line_1_69' title="bbox 1175 2039 1819 2094; baseline -0.003 -16"><span class='ocrx_word' id='word_1_388' title='bbox 1175 2041 1409 2093; x_wconf 84' lang='lat' dir='ltr'><strong><em>praesertim</em></strong></span> <span class='ocrx_word' id='word_1_389' title='bbox 1436 2044 1605 2093; x_wconf 84' lang='lat' dir='ltr'><strong><em>tempore</em></strong></span> <span class='ocrx_word' id='word_1_390' title='bbox 1632 2039 1819 2094; x_wconf 79' lang='lat' dir='ltr'><strong><em>quaeris?</em></strong></span> 
     </span>
    </p>

    <p class='ocr_par' dir='ltr' id='par_1_12' title="bbox 1179 2108 2066 2306">
     <span class='ocr_line' id='line_1_70' title="bbox 1234 2108 2066 2162; baseline -0.002 -13"><span class='ocrx_word' id='word_1_391' title='bbox 1234 2109 1456 2150; x_wconf 75' lang='lat' dir='ltr'><strong><em>MUTmTER</em></strong></span> <span class='ocrx_word' id='word_1_392' title='bbox 1485 2123 1560 2162; x_wconf 80' lang='lat' dir='ltr'><strong><em>pro</em></strong></span> <span class='ocrx_word' id='word_1_393' title='bbox 1588 2114 1736 2148; x_wconf 85' lang='lat' dir='ltr'><strong><em>mutuo.</em></strong></span> <span class='ocrx_word' id='word_1_394' title='bbox 1781 2108 1913 2148; x_wconf 80' lang='lat' dir='ltr'><strong><em>Varro</em></strong></span> <span class='ocrx_word' id='word_1_395' title='bbox 1943 2108 2066 2148; x_wconf 86' lang='lat' dir='ltr'><strong><em>Octo-</em></strong></span> 
     </span>
     <span class='ocr_line' id='line_1_71' title="bbox 1179 2170 2065 2232; baseline -0.002 -13"><span class='ocrx_word' id='word_1_396' title='bbox 1179 2181 1266 2232; x_wconf 76' lang='lat' dir='ltr'><strong><em>gesi</em></strong></span> <span class='ocrx_word' id='word_1_397' title='bbox 1286 2180 1357 2219; x_wconf 85' lang='lat' dir='ltr'><strong><em>lib.</em></strong></span> <span class='ocrx_word' id='word_1_398' title='bbox 1377 2195 1405 2218; x_wconf 93' lang='lat'><strong><em>1.</em></strong></span> <span class='ocrx_word' id='word_1_399' title='bbox 1441 2175 1543 2232; x_wconf 78' lang='grc' dir='ltr'><em>περὶ</em></span> <span class='ocrx_word' id='word_1_400' title='bbox 1565 2170 1856 2230; x_wconf 70' lang='grc' dir='ltr'><em>νομισμάτωνε</em></span> <span class='ocrx_word' id='word_1_401' title='bbox 1883 2180 1965 2218; x_wconf 85' lang='lat' dir='ltr'><strong><em>vive</em></strong></span> <span class='ocrx_word' id='word_1_402' title='bbox 1989 2194 2065 2218; x_wconf 86' lang='lat' dir='ltr'><strong><em>me-</em></strong></span> 
     </span>
     <span class='ocr_line' id='line_1_72' title="bbox 1179 2252 1603 2306; baseline -0.005 -16"><span class='ocrx_word' id='word_1_403' title='bbox 1179 2264 1257 2306; x_wconf 88' lang='lat' dir='ltr'><strong><em>que</em></strong></span> <span class='ocrx_word' id='word_1_404' title='bbox 1289 2264 1379 2290; x_wconf 86' lang='lat' dir='ltr'><strong><em>ama</em></strong></span> <span class='ocrx_word' id='word_1_405' title='bbox 1406 2252 1603 2289; x_wconf 66' lang='lat' dir='ltr'><strong><em>mactuiter.</em></strong></span> 
     </span>
    </p>
   </div>
   <div class='ocr_carea' id='block_1_6' title="bbox 1172 2358 2066 2911">
    <p class='ocr_par' dir='ltr' id='par_1_13' title="bbox 1172 2358 2066 2911">
     <span class='ocr_line' id='line_1_73' title="bbox 1180 2358 2064 2404; baseline -0.002 -10"><span class='ocrx_word' id='word_1_406' title='bbox 1180 2358 1206 2400; x_wconf 74' lang='lat' dir='ltr'><strong><em>f.</em></strong></span> <span class='ocrx_word' id='word_1_407' title='bbox 1220 2361 1368 2404; x_wconf 84' lang='lat' dir='ltr'><strong><em>chothe</em></strong></span> <span class='ocrx_word' id='word_1_408' title='bbox 1378 2360 1414 2393; x_wconf 81' lang='lat'><strong><em>2.</em></strong></span> <span class='ocrx_word' id='word_1_409' title='bbox 1435 2360 1491 2392; x_wconf 75' lang='lat' dir='ltr'><strong><em>hic</em></strong></span> <span class='ocrx_word' id='word_1_410' title='bbox 1502 2360 1629 2397; x_wconf 74' lang='lat' dir='ltr'><strong><em>haeret,</em></strong></span> <span class='ocrx_word' id='word_1_411' title='bbox 1648 2363 1727 2390; x_wconf 78' lang='lat' dir='ltr'><strong><em>utut</em></strong></span> <span class='ocrx_word' id='word_1_412' title='bbox 1743 2359 1870 2391; x_wconf 82' lang='lat' dir='ltr'><strong><em>clamor</em></strong></span> <span class='ocrx_word' id='word_1_413' title='bbox 1883 2383 1890 2390; x_wconf 91' lang='lat'><strong><em>.</em></strong></span> <span class='ocrx_word' id='word_1_414' title='bbox 1903 2382 1910 2390; x_wconf 88' lang='lat'><strong><em>.</em></strong></span> <span class='ocrx_word' id='word_1_415' title='bbox 1922 2360 2064 2403; x_wconf 73' lang='lat' dir='ltr'><strong><em>spiritu*</em></strong></span> 
     </span>
     <span class='ocr_line' id='line_1_74' title="bbox 1179 2414 2066 2460; baseline -0.005 -10"><span class='ocrx_word' id='word_1_416' title='bbox 1179 2417 1325 2460; x_wconf 76' lang='lat' dir='ltr'><strong><em>cheuk.</em></strong></span> <span class='ocrx_word' id='word_1_417' title='bbox 1342 2418 1463 2450; x_wconf 84' lang='lat' dir='ltr'><strong><em>Herm.</em></strong></span> <span class='ocrx_word' id='word_1_418' title='bbox 1481 2422 1636 2449; x_wconf 82' lang='lat' dir='ltr'><strong><em>constare</em></strong></span> <span class='ocrx_word' id='word_1_419' title='bbox 1650 2426 1690 2447; x_wconf 86' lang='lat' dir='ltr'><strong><em>ac</em></strong></span> <span class='ocrx_word' id='word_1_420' title='bbox 1701 2414 1736 2447; x_wconf 85' lang='lat' dir='ltr'><strong><em>d.</em></strong></span> <span class='ocrx_word' id='word_1_421' title='bbox 1751 2415 1863 2457; x_wconf 85' lang='lat' dir='ltr'><strong><em>princ.</em></strong></span> <span class='ocrx_word' id='word_1_422' title='bbox 1876 2416 2066 2447; x_wconf 83' lang='lat' dir='ltr'><strong><em>consentire</em></strong></span> 
     </span>
     <span class='ocr_line' id='line_1_75' title="bbox 1178 2470 2065 2516; baseline -0.006 -9"><span class='ocrx_word' id='word_1_423' title='bbox 1178 2486 1218 2507; x_wconf 85' lang='lat' dir='ltr'><strong><em>ac</em></strong></span> <span class='ocrx_word' id='word_1_424' title='bbox 1230 2474 1266 2507; x_wconf 84' lang='lat' dir='ltr'><strong><em>d.</em></strong></span> <span class='ocrx_word' id='word_1_425' title='bbox 1281 2473 1397 2507; x_wconf 84' lang='lat' dir='ltr'><strong><em>Scriv.</em></strong></span> <span class='ocrx_word' id='word_1_426' title='bbox 1408 2474 1511 2507; x_wconf 85' lang='lat' dir='ltr'><strong><em>Voss.</em></strong></span> <span class='ocrx_word' id='word_1_427' title='bbox 1519 2473 1650 2516; x_wconf 80' lang='lat' dir='ltr'><strong><em>partim</em></strong></span> <span class='ocrx_word' id='word_1_428' title='bbox 1661 2471 1708 2504; x_wconf 84' lang='lat' dir='ltr'><strong><em>da</em></strong></span> <span class='ocrx_word' id='word_1_429' title='bbox 1721 2472 1848 2504; x_wconf 79' lang='lat' dir='ltr'><strong><em>cursim</em></strong></span> <span class='ocrx_word' id='word_1_430' title='bbox 1859 2470 1978 2505; x_wconf 82' lang='lat'><strong><em>1480.</em></strong></span> <span class='ocrx_word' id='word_1_431' title='bbox 1989 2471 2065 2505; x_wconf 61' lang='grc' dir='ltr'><strong><em>ΑΙ.</em></strong></span> 
     </span>
     <span class='ocr_line' id='line_1_76' title="bbox 1177 2527 2064 2574; baseline -0.003 -10"><span class='ocrx_word' id='word_1_432' title='bbox 1177 2543 1280 2564; x_wconf 86' lang='lat' dir='ltr'><strong><em>cursu</em></strong></span> <span class='ocrx_word' id='word_1_433' title='bbox 1299 2531 1395 2574; x_wconf 80' lang='lat' dir='ltr'><strong><em>ng.</em></strong></span> <span class='ocrx_word' id='word_1_434' title='bbox 1422 2542 1560 2563; x_wconf 83' lang='lat' dir='ltr'><strong><em>rursum</em></strong></span> <span class='ocrx_word' id='word_1_435' title='bbox 1582 2527 1743 2572; x_wconf 81' lang='lat' dir='ltr'><strong><em>chothe.</em></strong></span> <span class='ocrx_word' id='word_1_436' title='bbox 1767 2527 1853 2561; x_wconf 81' lang='lat' dir='ltr'><strong><em>dare</em></strong></span> <span class='ocrx_word' id='word_1_437' title='bbox 1876 2529 1933 2562; x_wconf 86' lang='lat' dir='ltr'><strong><em>vel</em></strong></span> <span class='ocrx_word' id='word_1_438' title='bbox 1957 2528 2064 2561; x_wconf 79' lang='lat' dir='ltr'><strong><em>datur</em></strong></span> 
     </span>
     <span class='ocr_line' id='line_1_77' title="bbox 1176 2584 2062 2632; baseline -0.001 -11"><span class='ocrx_word' id='word_1_439' title='bbox 1176 2590 1234 2622; x_wconf 86' lang='lat' dir='ltr'><strong><em>ius</em></strong></span> <span class='ocrx_word' id='word_1_440' title='bbox 1252 2600 1324 2632; x_wconf 86' lang='lat' dir='ltr'><strong><em>aeq.</em></strong></span> <span class='ocrx_word' id='word_1_441' title='bbox 1342 2587 1478 2631; x_wconf 84' lang='lat' dir='ltr'><strong><em>choss.</em></strong></span> <span class='ocrx_word' id='word_1_442' title='bbox 1505 2587 1676 2631; x_wconf 66' lang='lat' dir='ltr'><strong><em>Pergama</em></strong></span> <span class='ocrx_word' id='word_1_443' title='bbox 1688 2608 1696 2617; x_wconf 83' lang='lat'><strong><em>.</em></strong></span> <span class='ocrx_word' id='word_1_444' title='bbox 1707 2608 1714 2616; x_wconf 94' lang='lat'><strong><em>.</em></strong></span> <span class='ocrx_word' id='word_1_445' title='bbox 1726 2584 1863 2626; x_wconf 68' lang='lat' dir='ltr'><strong><em>praeda?</em></strong></span> <span class='ocrx_word' id='word_1_446' title='bbox 1872 2585 1942 2629; x_wconf 78' lang='lat' dir='ltr'><strong><em>ch,</em></strong></span> <span class='ocrx_word' id='word_1_447' title='bbox 1958 2586 2008 2618; x_wconf 81' lang='lat' dir='ltr'><strong><em>M.</em></strong></span> <span class='ocrx_word' id='word_1_448' title='bbox 2025 2596 2062 2622; x_wconf 83' lang='lat'><strong><em>30</em></strong></span> 
     </span>
     <span class='ocr_line' id='line_1_78' title="bbox 1175 2638 2062 2687; baseline -0.001 -10"><span class='ocrx_word' id='word_1_449' title='bbox 1175 2658 1192 2677; x_wconf 84' lang='lat' dir='ltr'><strong><em>c</em></strong></span> <span class='ocrx_word' id='word_1_450' title='bbox 1205 2642 1285 2687; x_wconf 81' lang='lat' dir='ltr'><strong><em>fisco</em></strong></span> <span class='ocrx_word' id='word_1_451' title='bbox 1299 2641 1563 2687; x_wconf 84' lang='lat' dir='ltr'><strong><em>chulielm.M.</em></strong></span> <span class='ocrx_word' id='word_1_452' title='bbox 1579 2641 1719 2685; x_wconf 66' lang='lat' dir='ltr'><strong><em>Syn-isco</em></strong></span> <span class='ocrx_word' id='word_1_453' title='bbox 1734 2642 1788 2675; x_wconf 84' lang='lat' dir='ltr'><strong><em>vel</em></strong></span> <span class='ocrx_word' id='word_1_454' title='bbox 1803 2643 1868 2674; x_wconf 88' lang='lat' dir='ltr'><strong><em>Vo-</em></strong></span> <span class='ocrx_word' id='word_1_455' title='bbox 1886 2638 1935 2686; x_wconf 90' lang='lat' dir='ltr'><strong><em>(p.</em></strong></span> <span class='ocrx_word' id='word_1_456' title='bbox 1951 2639 2062 2680; x_wconf 74' lang='lat'><strong><em>515.)</em></strong></span> 
     </span>
     <span class='ocr_line' id='line_1_79' title="bbox 1172 2697 2061 2746; baseline -0.002 -12"><span class='ocrx_word' id='word_1_457' title='bbox 1172 2702 1268 2746; x_wconf 84' lang='lat' dir='ltr'><strong><em>plsco</em></strong></span> <span class='ocrx_word' id='word_1_458' title='bbox 1281 2701 1352 2744; x_wconf 83' lang='lat' dir='ltr'><strong><em>ch.</em></strong></span> <span class='ocrx_word' id='word_1_459' title='bbox 1376 2699 1496 2732; x_wconf 80' lang='lat' dir='ltr'><strong><em>vendis</em></strong></span> <span class='ocrx_word' id='word_1_460' title='bbox 1516 2697 1635 2732; x_wconf 77' lang='grc'>1526.</span> <span class='ocrx_word' id='word_1_461' title='bbox 1651 2699 1685 2732; x_wconf 80' lang='lat' dir='ltr'><strong><em>J.</em></strong></span> <span class='ocrx_word' id='word_1_462' title='bbox 1712 2700 1867 2744; x_wconf 83' lang='lat' dir='ltr'><strong><em>accipiar</em></strong></span> <span class='ocrx_word' id='word_1_463' title='bbox 1881 2699 1989 2733; x_wconf 81' lang='lat' dir='ltr'><strong><em>AJM.</em></strong></span> <span class='ocrx_word' id='word_1_464' title='bbox 2011 2700 2061 2732; x_wconf 81' lang='lat' dir='ltr'><strong><em>ibi</em></strong></span> 
     </span>
     <span class='ocr_line' id='line_1_80' title="bbox 1174 2755 2058 2800; baseline -0.001 -11"><span class='ocrx_word' id='word_1_465' title='bbox 1174 2758 1305 2790; x_wconf 67' lang='lat' dir='ltr'><strong><em>donnum</em></strong></span> <span class='ocrx_word' id='word_1_466' title='bbox 1318 2757 1443 2793; x_wconf 79' lang='lat' dir='ltr'><strong><em>Bothe,</em></strong></span> <span class='ocrx_word' id='word_1_467' title='bbox 1454 2755 1618 2798; x_wconf 78' lang='lat' dir='ltr'><strong><em>Spengel.</em></strong></span> <span class='ocrx_word' id='word_1_468' title='bbox 1630 2756 1784 2800; x_wconf 68' lang='lat' dir='ltr'><strong><em>pcrqitor</em></strong></span> <span class='ocrx_word' id='word_1_469' title='bbox 1794 2755 1992 2800; x_wconf 77' lang='lat' dir='ltr'><strong><em>chpengel.</em></strong></span> <span class='ocrx_word' id='word_1_470' title='bbox 2005 2755 2058 2788; x_wconf 81' lang='lat' dir='ltr'><strong><em>dc—</em></strong></span> 
     </span>
     <span class='ocr_line' id='line_1_81' title="bbox 1174 2811 2053 2853; baseline 0.001 -8"><span class='ocrx_word' id='word_1_471' title='bbox 1174 2812 1350 2852; x_wconf 72' lang='lat' dir='ltr'><strong><em>scrcmlum</em></strong></span> <span class='ocrx_word' id='word_1_472' title='bbox 1363 2811 1579 2853; x_wconf 83' lang='lat' dir='ltr'><strong><em>cholumna.</em></strong></span> <span class='ocrx_word' id='word_1_473' title='bbox 1599 2813 1660 2845; x_wconf 80' lang='lat' dir='ltr'><strong><em>dat</em></strong></span> <span class='ocrx_word' id='word_1_474' title='bbox 1676 2812 1756 2845; x_wconf 84' lang='lat' dir='ltr'><strong><em>ordo</em></strong></span> <span class='ocrx_word' id='word_1_475' title='bbox 1771 2814 1863 2846; x_wconf 78' lang='lat' dir='ltr'><strong><em>senio</em></strong></span> <span class='ocrx_word' id='word_1_476' title='bbox 1885 2811 2000 2846; x_wconf 79' lang='lat'><strong><em>1526.</em></strong></span> <span class='ocrx_word' id='word_1_477' title='bbox 2019 2813 2053 2846; x_wconf 72' lang='lat' dir='ltr'><strong><em>«Jv</em></strong></span> 
     </span>
     <span class='ocr_line' id='line_1_82' title="bbox 1174 2867 2054 2911; baseline -0.006 -8"><span class='ocrx_word' id='word_1_478' title='bbox 1174 2870 1255 2903; x_wconf 77' lang='lat' dir='ltr'><strong><em>dato</em></strong></span> <span class='ocrx_word' id='word_1_479' title='bbox 1268 2869 1439 2903; x_wconf 62' lang='lat' dir='ltr'><strong><em>Dosse-»mo</em></strong></span> <span class='ocrx_word' id='word_1_480' title='bbox 1450 2868 1530 2911; x_wconf 75' lang='lat' dir='ltr'><strong><em>ch,</em></strong></span> <span class='ocrx_word' id='word_1_481' title='bbox 1545 2868 1672 2906; x_wconf 78' lang='lat' dir='ltr'><strong><em>Bothe,</em></strong></span> <span class='ocrx_word' id='word_1_482' title='bbox 1685 2867 1802 2904; x_wconf 60' lang='lat' dir='ltr'><strong><em>Munlz.</em></strong></span> <span class='ocrx_word' id='word_1_483' title='bbox 1816 2868 2005 2911; x_wconf 77' lang='lat' dir='ltr'><strong><em>publicitus</em></strong></span> <span class='ocrx_word' id='word_1_484' title='bbox 2024 2877 2054 2901; x_wconf 73' lang='grc' dir='ltr'><strong><em>ιη</em></strong></span> 
     </span>
    </p>
   </div>
  </div>
 </body>
</html>
