2174 3267
511 194 541 230 1.
595 193 669 230 DE
699 191 1104 230 PROPRIETATE
1134 191 1460 230 SERMONUM.
1857 192 1915 231 45

92 304 228 341 Macer
252 300 396 337 Annali
428 300 496 336 lib.
524 301 554 336 i:
593 301 770 353 avaicia
802 301 970 352 pulc-Iera

92 378 128 410 et
155 371 350 408 luculenta
374 376 643 407 conmemorat.
686 369 850 406 Plautus
871 369 968 407 Cor-

92 442 238 478 nicula:
264 440 468 491 pulchrum
493 444 531 475 et
548 439 783 476 luculentum
807 438 876 476 hoc
902 454 968 476 uo—

89 511 144 547 bis
171 510 282 547 hodie
311 509 437 546 evenit
460 509 663 560 proelium.

140 579 244 616 Loffl
270 594 289 616 a
317 578 458 616 Graeeo
486 592 681 623 sermone,
707 577 771 615 vel
791 578 897 615 dieta
916 580 967 615 ri-

88 649 217 686 dicula
242 653 281 686 et
302 649 601 686 contemnenda.
632 647 773 685 Cicero
789 662 862 699 pro
877 647 967 685 Cal-

86 718 160 755 lio:
190 731 258 769 eqo
287 724 324 755 te
349 725 453 756 certo
481 720 558 756 scio
588 732 716 755 omnes
745 721 872 770 logos,
903 721 973 772 qui

85 788 189 825 ludis
210 788 309 825 dicti
325 793 431 832 sunt,
451 789 787 826 animadvertisse.
820 790 968 841 Turpi-

86 858 161 894 lius
183 857 399 895 Caneforo:
439 864 711 895 testamentum
744 873 835 911 erqo
870 860 969 897 cela-

89 935 136 965 20
168 927 254 964 bis?
288 928 376 978 loqi.

137 997 474 1043 Faenum-oms,
511 1003 554 1035 ut
581 998 785 1049 extispicis
817 1003 857 1037 et
883 1013 968 1037 aru-

88 1067 231 1118 spicis,
281 1067 334 1104 ita
385 1067 427 1104 hi
468 1068 665 1118 fulgurum
707 1069 968 1120 inspectores.

88 1136 189 1174 Cato
218 1138 267 1174 de
294 1138 471 1176 moribus
500 1138 645 1176 Claudi
671 1139 862 1177 Neronis:
898 1139 968 1176 ha-

87 1208 290 1258 ruspicem,
301 1207 461 1258 ficlqura
467 1213 588 1244 torem
600 1209 637 1244 si
648 1210 733 1262 quis
746 1209 930 1245 adducat.

136 1275 401 1322 ΜοιΕΤιιῐΝΑ,
429 1290 451 1312 a
475 1276 678 1322 molendo,
701 1277 808 1328 quod
835 1276 969 1329 pistri-

86 1360 177 1383 num
210 1346 397 1392 dicimus;
425 1351 469 1383 ut
488 1347 691 1393 serati-ina,
715 1352 759 1384 ut
780 1348 967 1385 foetutina.

86 1415 187 1453 Cato
215 1417 255 1453 in
272 1415 509 1454 Thermum:
539 1431 671 1460 nervo,
700 1431 872 1461 carcere,
892 1432 968 1456 ηιο-

83 1486 240 1523 ἱθΐνίηα.

136 1556 263 1593 ΡΑΝιε
290 1557 579 1608 proprietatem
613 1572 633 1594 a
668 1558 869 1609 pascendo
899 1572 968 1608 pu-

87 1632 170 1664 tant
190 1633 344 1665 veteres
363 1627 644 1664 aestimandum.
674 1627 804 1665 Varro
826 1628 874 1664 de
891 1628 969 1664 vita

85 1698 224 1748 populi
246 1698 416 1736 Romani
440 1697 544 1736 libro
569 1699 599 1735 i:
624 1698 802 1749 pastillos
833 1703 868 1734 et
900 1712 970 1750 pa-

130 1815 282 1860 dcrigerc
308 1817 348 1847 L.
365 1816 452 1846 Eun.
479 1817 566 1847 xvii.
613 1815 810 1857 dqqrumari
833 1816 965 1858 ferrum

130 1872 310 1905 Columna.
348 1873 473 1904 XVII.
508 1874 553 1903 A.

130 1929 290 1960 Lucilius
330 1928 374 1970 ej.
402 1941 453 1971 pr.
476 1930 525 1960 M.

602 1883 633 1906 10
665 1872 866 1917 cqurumare
890 1884 968 1903 vero

576 1929 664 1959 viam
698 1941 784 1972 quae
822 1930 888 1960 uf.
926 1930 965 1960 L.

131 1985 349 2029 dqqrumavis
374 1985 441 2015 XV.
467 1985 507 2015 L.
533 1984 750 2028 degrumabis
776 1986 817 2027 ej.
838 1985 884 2016 M.
911 1985 965 2015 de-

127 2041 286 2082 qrmnari
307 2041 361 2071 vis
386 2041 433 2072 A.
462 2052 493 2072 v.
520 2051 548 2071 c.
573 2040 691 2072 Dusae.
731 2040 968 2084 deglrumarier

130 2102 168 2127 ut
192 2096 234 2140 ej.
259 2097 340 2129 Jan.
362 2096 470 2127 Busa.
497 2096 712 2140 ‹le-qrumaris
735 2103 774 2127 ut
799 2098 834 2128 in
859 2096 899 2138 ej.
925 2098 965 2128 P.

127 2152 262 2184 Merula
298 2154 342 2184 ad
377 2152 468 2184 Eun.
507 2164 586 2184 ann.
628 2152 691 2185 17.

127 2221 252 2253 qruma
277 2210 329 2240 vis
354 2214 393 2264 not
415 2209 523 2240 Turn.
548 2207 613 2240 29.
643 2208 704 2241 19.
734 2209 902 2240 Luciuius
926 2211 967 2241 L.

737 2154 893 2197 viamque
928 2153 969 2184 de

129 2266 312 2297 Licium'us
336 2267 383 2297 A.
424 2266 611 2296 luclentum
645 2266 692 2296 mi
707 2265 806 2297 bodie
829 2278 969 2309 exprae-

129 2323 232 2353 mium
273 2321 316 2364 ej.
340 2323 446 2353 Aeid.
482 2333 536 2364 ap.
572 2321 677 2353 Grut.
708 2321 776 2353 VI.
812 2334 849 2364 p.
880 2320 967 2353 108.

131 2377 191 2409 hoc
214 2378 310 2409 nobis
346 2389 413 2409 om.
438 2379 484 2409 A.
521 2389 642 2423 gracco
679 2379 770 2422 loqui
803 2389 969 2409 sermones

131 2433 176 2465 A.
218 2434 312 2465 dicia
337 2436 392 2466 vel
417 2434 458 2477 ej.
483 2434 530 2466 Μ.
572 2433 692 2466 Gallio
716 2435 764 2465 A.
807 2440 894 2465 cerlo
919 2433 964 2465 A.

131 2491 279 2522 cac-labis
304 2492 369 2523 W.
418 2491 548 2522 calabis
573 2490 619 2522 A.
664 2502 699 2525 20
734 2491 966 2534 ficlqoratoris

129 2548 198 2577 W.
226 2547 265 2577 L.
290 2559 334 2577 m.
359 2545 394 2578 2.
419 2548 591 2591 aruspicis
618 2548 683 2578 W.
700 2548 741 2579 L.
769 2547 835 2578 cfr.
856 2547 963 2577 Turn.

130 2602 194 2634 29.
223 2601 284 2634 19.
319 2608 349 2633 et
381 2603 558 2643 artispieis
580 2604 629 2634 A.
663 2603 904 2646 fulquratorcs
928 2607 964 2632 ul

131 2659 331 2702 extispices,
369 2659 546 2702 aruspices
583 2658 627 2701 ej.
664 2659 772 2690 Turn.
808 2658 873 2690 29.
904 2657 963 2689 19.

129 2714 309 2758 fulqurum
334 2720 543 2758 suspector-es
571 2717 617 2758 ej.
642 2715 677 2747 J.
705 2714 839 2747 claudii
862 2714 906 2746 Α.
928 2715 964 2746 J.

131 2775 171 2800 ut
191 2771 344 2811 f'etutiua
368 2771 453 2802 Cato
477 2771 543 2801 Ἦν.
587 2777 650 2802 aut
669 2773 823 2815 s'etutiua
848 2771 889 2802 L.
916 2772 963 2801 A.

129 2826 319 2867 sbrratrina
357 2826 401 2869 ej.
427 2827 475 2858 M.
518 2829 697 2859 rnolelriua
730 2828 801 2859 scil.
840 2827 966 2858 abusus

133 2886 185 2912 est
199 2881 366 2913 Thermus
392 2882 433 2924 ej.
449 2884 578 2924 Meyer.
605 2885 671 2915 cl'r.
691 2885 797 2915 Turn.
815 2882 877 2915 29.
902 2881 962 2914 19.

132 2938 393 2970 existimandum
420 2941 464 2971 A.
491 2948 524 2971 30
546 2946 668 2982 pastus
682 2939 771 2982 qteod
785 2946 867 2971 essct
900 2940 962 2969 w.

1037 314 1126 343 nes,⁸
1140 301 1234 338 haec
1248 301 1432 338 voeabula
1452 305 1604 353 pastas,
1628 300 1732 353 quod
1750 305 1849 336 esset
1868 308 1912 336 30

1035 384 1196 423 pascere
1223 370 1414 407 dicebant.

1090 441 1402 478 MUSTULENTUM
1450 444 1489 477 et
1542 452 1821 483 VINULENTUM‚
1876 443 1919 475 ut

1037 511 1289 547 feculentum.
1338 509 1502 546 Plautus
1535 509 1781 547 Cistellaria:
1828 521 1919 545 nam

1037 581 1094 617 ita,
1132 580 1391 616 nmstuleutus
1429 584 1561 615 aestus
1600 592 1718 616 nares
1757 574 1813 630 (p.
1827 575 1918 623 64.)

1037 650 1189 700 attiqit3
1234 653 1278 685 ut
1318 649 1369 685 sit
1411 648 1511 685 odor
1549 648 1667 684 musti
1695 652 1761 685 aut
1789 652 1918 685 musto

1039 719 1187 757 oblitus
1216 732 1261 755 ae
1289 717 1462 755 madens.

1091 789 1316 826 Cowvmmm
1343 787 1491 825 dietum
1519 793 1603 831 est,
1635 787 1745 838 quasi
1775 800 1796 823 e
1822 786 1918 823 vicis

1038 861 1188 904 iocum,
1215 859 1282 911 qui
1301 858 1515 896 seeundum
1534 855 1827 908 ignobilitatem
1841 855 1921 892 loci

1038 929 1259 966 maledictis
1283 932 1324 966 et
1349 928 1466 965 dietis
1488 926 1671 978 turpibus
1700 924 1919 963 cavilletur.

1088 998 1330 1036 PnoLUva
1368 1003 1425 1035 est
1459 1002 1598 1050 patere
1635 996 1845 1034 amicitiam
1883 1000 1920 1032 et

1034 1069 1166 1118 fidem.
1189 1069 1335 1106 Accius
1350 1066 1628 1106 Andromeda:
1658 1065 1840 1103 muliebre
1858 1067 1917 1103 in-

1035 1140 1212 1192 genium,
1265 1139 1502 1191 proluvium,
1551 1136 1712 1174 occasio.
1770 1135 1918 1173 Nevius

1038 1209 1207 1247 Colace:
1237 1214 1275 1244 et
1303 1208 1384 1244 volo
1418 1206 1476 1243 Et
1497 1219 1634 1243 vereor
1657 1211 1694 1242 et
1714 1205 1847 1252 faeere
1872 1213 1914 1243 10

1038 1279 1078 1315 in
1102 1278 1277 1331 proluvio
1303 1282 1373 1315 est.
1404 1276 1597 1314 Laberius
1622 1275 1918 1327 Conpitalibus:

1038 1362 1112 1403 quo
1157 1349 1311 1402 quidem
1353 1361 1412 1384 me
1457 1360 1483 1383 a
1520 1346 1737 1384 matronali
1770 1345 1920 1398 pudore

1033 1419 1253 1471 proluvium
1299 1417 1509 1455 meretricis
1548 1416 1737 1470 progredi
1781 1416 1917 1468 coegit.

1036 1489 1164 1526 Varro
1197 1488 1246 1526 de
1275 1488 1410 1539 lingua
1438 1486 1580 1524 Latina
1610 1486 1680 1524 lib.
1707 1501 1748 1524 v:
1788 1486 1920 1539 prolu-

1035 1559 1132 1595 viem
1160 1564 1198 1595 et
1228 1558 1512 1610 proluvidiuem
1545 1557 1624 1594 dici
1653 1556 1702 1593 ab
1735 1570 1792 1601 ee,
1819 1556 1923 1610 quod

1036 1628 1189 1671 lubeat3
1222 1629 1326 1665 uude
1362 1629 1476 1665 etiam
1511 1628 1620 1665 lucus
1650 1627 1814 1664 Veneris
1837 1626 1918 1666 Lu-

1037 1698 1218 1735 bentinae
1246 1699 1414 1735 dicatur.

1076 1816 1114 1846 L.
1139 1817 1184 1846 A.
1214 1814 1332 1847 1585.
1359 1815 1400 1858 cj.
1416 1815 1524 1846 Turn.
1542 1814 1606 1847 29.
1624 1815 1685 1847 19.
1710 1816 1918 1847 vinolentum

1077 1870 1122 1901 A.
1150 1871 1208 1913 qui
1228 1882 1343 1902 versus
1363 1882 1379 1901 e
1395 1870 1483 1901 Cist.
1506 1871 1639 1902 laudati
1657 1882 1724 1902 non
1740 1871 1917 1903 inveniun-

1078 1930 1147 1963 tur,
1192 1938 1249 1957 eos
1291 1939 1307 1958 e
1334 1926 1532 1958 Clitellaria
1574 1927 1778 1970 desumptos
1817 1931 1919 1970 putat

1078 1983 1172 2014 Seal.
1198 1983 1289 2026 conj.
1314 1995 1348 2025 p.
1376 1982 1441 2015 76.

1034 2050 1114 2082 pag.
1142 2038 1205 2070 64.
1230 2045 1345 2070 aestus
1370 2050 1467 2070 nares
1493 2040 1557 2071 cfr.
1585 2039 1678 2072 415.
1709 2039 1770 2072 15.
1805 2046 1843 2070 ut
1873 2041 1920 2071 sir

1078 2095 1185 2127 Nouii
1209 2099 1308 2126 sunt:
1331 2095 1442 2126 Palm.
1468 2108 1501 2138 p.
1528 2095 1590 2126 57.
1615 2097 1800 2127 convitium
1824 2097 1921 2127 L.A.

1078 2153 1181 2196 quasi
1205 2152 1304 2183 vitiis
1329 2152 1437 2183 locum
1473 2152 1521 2182 A.
1545 2164 1563 2182 e
1587 2152 1685 2183 vitiis
1710 2152 1774 2183 loc.
1809 2152 1918 2183 Turn.

1081 2207 1146 2240 29.
1175 2207 1236 2239 19.
1262 2207 1331 2239 lv,
1357 2207 1397 2238 L.
1427 2206 1544 2239 1585.
1586 2208 1617 2238 ci
1648 2219 1718 2250 mg.
1744 2209 1810 2241 W.
1847 2220 1920 2240 cum

1080 2265 1166 2295 vicis
1190 2265 1285 2306 loqui
1319 2264 1360 2307 ej.
1386 2263 1483 2306 Lips.
1509 2264 1632 2296 altera.
1669 2277 1686 2295 e
1710 2265 1798 2296 vicis
1822 2266 1918 2309 loqui

1079 2322 1160 2365 quia
1184 2320 1281 2363 Lips.
1305 2324 1378 2351 ant.
1404 2321 1489 2352 leet.
1506 2319 1586 2352 1.2.
1613 2320 1676 2352 cfr.
1694 2321 1791 2352 Fest.
1818 2322 1923 2352 cavil-

1077 2378 1192 2408 lentur
1218 2377 1260 2420 cj.
1285 2377 1381 2420 Lips.
1402 2378 1603 2421 proluvium
1627 2378 1693 2409 NV.
1718 2378 1755 2409 L.
1773 2379 1818 2410 A.
1839 2390 1917 2421 pro-

1073 2434 1221 2476 flavium
1246 2445 1313 2476 mg.
1339 2435 1407 2465 W.
1441 2434 1531 2478 prol.
1566 2439 1614 2465 est
1652 2433 1780 2465 {licium
1812 2446 1832 2464 α
1867 2435 1919 2465 Iu-

1076 2489 1180 2521 bendo
1194 2513 1322 2522 ......
1331 2491 1527 2532 prolubium
1551 2496 1618 2526 est,
1654 2495 1767 2532 petere
1802 2489 1844 2532 ej.
1868 2491 1916 2521 M.

1072 2546 1161 2587 prol.
1173 2551 1221 2576 est
1239 2546 1356 2577 lubido
1374 2565 1407 2569 -
1423 2547 1513 2584 prol.
1531 2551 1598 2582 est,
1622 2552 1735 2589 petere
1759 2546 1801 2589 ej.
1818 2546 1916 2588 Lips.

1074 2600 1196 2631 novius
1220 2602 1335 2633 Editt.
1360 2603 1504 2633 naevius
1530 2613 1599 2644 mg.
1615 2602 1650 2634 J.
1664 2602 1766 2645 prob.
1784 2602 1914 2633 Osann.

1075 2656 1146 2688 Od.
1171 2655 1305 2690 Miiller.
1340 2669 1372 2694 10
1397 2659 1566 2690 Laverius
1591 2659 1657 2689 XV.
1684 2659 1721 2690 L.
1759 2659 1918 2701 prolubio

1074 2713 1120 2744 mi
1130 2719 1180 2744 est
1192 2715 1296 2745 Both.
1307 2716 1367 2746 lib.
1383 2716 1453 2747 ι’ἰίῐ.
1471 2716 1536 2746 VV.
1551 2716 1743 2758 proluviem
1753 2715 1863 2745 Varro
1875 2716 1916 2746 L.

1076 2771 1114 2801 L.
1141 2767 1177 2800 6.
1204 2769 1267 2801 47.
1297 2771 1421 2803 Veneri
1444 2771 1491 2804 A.
1516 2772 1551 2804 J.
1578 2772 1755 2802 lubentina
1780 2772 1846 2801 XV.
1873 2773 1910 2801 1..

1077 2825 1286 2857 Lubentinae
1310 2828 1422 2868 vulgo.
1445 2827 1572 2870 pedatu
1606 2827 1647 2870 ej.
1676 2828 1850 2869 Leopard.
1879 2826 1913 2858 G-

1082 2881 1142 2912 16.
1162 2882 1270 2913 Turn.
1291 2883 1353 2915 28.
1378 2882 1410 2913 1.
1436 2895 1576 2914 (cccc-usu
1603 2884 1641 2914 L.
1668 2883 1811 2914 dicitur.
1829 2882 1913 2913 Calo

1079 2938 1129 2968 vel
1154 2937 1294 2970 dicitur.
1334 2939 1444 2970 'I'crlio
1467 2939 1590 2981 11chan
1616 2942 1700 2973 Calo
1739 2938 1780 2979 cj.
1806 2939 1910 2970 Acid.
