2174 3267
249 145 337 183 1¹74

246 252 462 304 conqlobati
492 257 530 288 et
561 251 711 290 collecti
733 259 970 306 concrepant
993 257 1129 293 armis.

245 322 419 373 Crepare
463 322 656 373 significat
696 337 850 362 rursum
893 326 1030 375 quaeri
1071 326 1134 363 vel

243 392 394 429 dolere.
437 391 600 430 oratius
627 393 852 432 Cal-minum
887 394 956 433 lib.
980 408 1014 431 1:
1045 396 1133 449 quis

239 467 328 514 post
350 462 443 498 vina
465 475 626 513 gravem
655 464 866 509 molliciem,
897 471 968 502 aut
988 478 1134 518 paupe-

246 537 291 568 20
326 531 420 568 riem
455 532 620 585 crepat?
671 534 883 572 Lucretius
917 535 987 572 lib.
1016 549 1067 572 11:
1097 541 1135 573 et

242 607 391 654 crepat,
406 604 575 640 anticum
583 617 706 655 ycnus
720 610 761 642 ut
772 606 921 657 pietate
933 606 1132 659 repletum.

242 670 420 722 Creparc
460 673 602 711 iterum
644 674 860 713 incantare.
921 676 1132 727 Turpilius

241 741 396 779 Pedio:
425 756 498 795 aye
510 749 566 788 tu,
587 744 810 795 hymeneum
825 746 1007 799 increpa!
1034 746 1131 784 Cre-

240 823 351 861 pure,
374 812 516 863 frangi.
564 814 757 864 Virgilius
785 816 856 854 lib.
876 829 922 852 v:
952 822 990 853 et
1019 823 1132 854 acuto

240 881 282 917 in
307 884 451 920 murice
484 885 583 920 remi
612 884 760 921 Obnixi
794 899 990 937 crepuere.
1035 886 1131 924 Cre-

239 964 359 1002 pare‚
388 953 516 990 ferire.
566 953 717 992 Ennius
753 955 795 992 in
823 955 1026 1007 Thyeste:
1062 957 1134 994 sed

238 1023 387 1059 sonitus
409 1023 520 1060 auris
535 1037 640 1060 mea-s
651 1026 795 1074 pedum
809 1027 927 1078 pulsu
941 1027 1131 1081 increpat.

239 1091 294 1129 Μ.
318 1092 478 1130 Tullius
502 1094 551 1131 de
578 1093 731 1133 Officiis
759 1096 827 1134 lib.
849 1110 916 1134 111:
946 1098 1080 1152 itaque
1097 1099 1134 1135 si

238 1161 301 1197 vir
327 1161 446 1199 bonus
470 1163 614 1201 habeat
635 1164 738 1202 hanc
764 1167 853 1211 vim,
878 1173 921 1204 ut
944 1168 981 1204 si
999 1169 1130 1220 (inlitis

237 1233 522 1282 concrepuerit,
540 1235 663 1285 possit
686 1235 727 1271 in
749 1236 996 1288 locupletium
1012 1244 1130 1276 testa·

238 1307 370 1338 menta
398 1315 535 1339 nomen
564 1305 644 1340 eins
673 1306 862 1358 irrepere.

290 1370 541 1410 COMPARARE
572 1378 633 1411 est
663 1376 836 1420 sociare,
873 1376 1128 1427 coniungere.

235 1440 382 1478 Accius
401 1442 442 1479 in
456 1441 728 1493 Amfitryoue:
750 1446 847 1498 quin
873 1459 997 1484 meam
1027 1448 1128 1483 seni—

239 1518 286 1548 30
305 1525 365 1547 um
382 1525 466 1548 cum
484 1512 614 1549 dolore
632 1519 698 1550 tuo
717 1516 950 1567 coitiunyam
971 1523 1008 1553 et
1034 1530 1130 1554 com-

231 1593 383 1632 parem.
428 1581 594 1619 Plautus
625 1583 666 1620 in
700 1583 903 1622 Asinaria:
929 1586 1130 1639 prehende

235 1651 437 1695 auriculis,
462 1665 646 1706 compara
673 1653 813 1691 labella
852 1667 937 1691 cum
963 1655 1124 1693 labellis.

235 1719 499 1772 Comparare,
529 1723 763 1775 adaequare.
803 1724 861 1762 M.
885 1725 1046 1763 Tullius
1077 1727 1127 1764 ad

234 1785 291 1842 (p.
309 1788 429 1837 256.)
454 1791 663 1831 Caesarem
683 1795 877 1833 iuniorem
898 1796 969 1836 lib.
997 1812 1030 1835 1:
1059 1812 1125 1835 ne-

233 1861 375 1898 minem
393 1862 464 1899 tibi
478 1862 655 1916 profecto
675 1864 866 1904 hominem
886 1881 933 1904 ex
954 1868 1126 1906 omnibus

235 1937 305 1968 aut
330 1934 631 1984 anteposuissem
668 1949 873 1989 umquam,
909 1943 981 1974 aut
1010 1938 1126 1975 etiam

234 2015 531 2055 comparassem.
583 2005 800 2043 Terentius
839 2007 880 2043 in
907 2007 1125 2046 Eunucho:

234 2077 319 2117 aut,
343 2071 404 2109 Ne
434 2075 721 2126 comparandus
744 2076 805 2114 hic
827 2078 982 2131 quidem
1010 2079 1065 2115 acl
1082 2079 1126 2116 il-

231 2140 310 2179 lum
339 2147 410 2179 est.
455 2141 719 2194 Comparare,
748 2159 1009 2198 componere,
1043 2163 1124 2187 ma·

233 2210 396 2249 chinari.
445 2212 614 2250 Sisenna
642 2214 910 2255 Historiarum
944 2218 1012 2256 lib.
1037 2233 1122 2256 1111:

232 2295 309 2326 eos,
326 2284 396 2336 qui
414 2282 484 2321 hoc
501 2285 642 2322 malum
658 2286 851 2338 publicum
868 2288 1123 2327 clandestinis

229 2352 399 2390 consiliis
422 2362 759 2405 comparaverunt.
794 2357 1036 2409 Comparare
1056 2373 1121 2397 ve-

229 2426 336 2461 teres
379 2423 611 2463 eonfirmare
653 2431 693 2463 et
729 2428 973 2466 constituere
1012 2430 1122 2468 dixe-

226 2564 278 2590 est
303 2565 341 2590 ut
365 2560 416 2592 ita
441 2567 478 2592 ut
504 2560 597 2593 476.
623 2561 714 2594 485.
739 2569 789 2595 cst
815 2570 851 2595 ut
877 2565 927 2596 ita
953 2564 1048 2598 511.
1085 2571 1122 2596 nt

228 2627 303 2647 eum
326 2616 372 2647 da
393 2618 441 2648 A.
462 2617 613 2648 incunda
640 2617 732 2650 526.
760 2620 886 2663 Stepb.
915 2620 949 2653 J.
974 2622 1123 2666 colloqui

228 2671 322 2705 476.
340 2671 432 2704 435.
446 2672 541 2705 311.
569 2674 618 2704 irc
634 2675 767 2707 tardat:
793 2678 825 2708 si
838 2678 943 2708 olium
957 2678 999 2708 In
1014 2683 1122 2720 partu

228 2727 355 2772 chips.
380 2733 453 2761 ant.
479 2729 559 2760 leet.
590 2729 623 2765 1,
641 2729 678 2762 2.
713 2731 759 2762 ml
783 2738 814 2763 lc
839 2745 892 2763 res
917 2733 1046 2769 tardat,
1071 2746 1121 2765 so-

228 2784 316 2814 cium
348 2785 382 2815 in
419 2791 579 2830 promptu
612 2792 661 2817 cst
699 2788 806 2830 copia,
846 2801 932 2832 quae
957 2789 1119 2833 cjssothe.

227 2850 264 2874 20
273 2838 402 2882 offirma
413 2840 543 2885 chips.
551 2843 666 2874 molem
678 2843 826 2875 minutam
839 2845 930 2877 Edd.
942 2858 1123 2891 nwnquam

227 2907 277 2928 me
286 2897 388 2929 unius
403 2921 421 2929 ..
432 2898 636 2941 eliqanliam
647 2898 680 2930 b.
691 2907 876 2933 neeesseest
893 2901 961 2943 ch.
972 2908 1121 2935 armatos

901 147 1114 187 NOMUS
1139 149 1484 190 MARCELLUS

1199 263 1301 296 runt.
1332 258 1548 296 Terentius
1575 259 1616 296 in
1634 258 1846 297 Eunucho:
1876 272 1931 296 an
1955 259 2012 296 ita
2043 266 2086 298 10

1199 341 1257 364 me
1283 341 1520 380 comparem,
1544 329 1638 366 Λόιι
1659 331 1816 380 perpeti
1844 331 2089 367 meretricum

1198 398 1476 435 contumelias?
1507 398 1618 437 Idem
1639 400 1679 437 in
1693 400 1861 437 Andria:
1891 405 1963 437 aut
1976 400 2090 437 malis

1196 467 1401 518 ⁴qaudeant
1427 473 1546 522 atque
1573 482 1620 506 ex
1643 470 1889 507 incommodis
1910 469 2089 507 Alterius

1199 549 1272 573 sua
1309 543 1353 574 ut
1383 545 1606 591 comparent
1642 540 1864 577 commoda?
1913 540 2089 578 Titinius

1200 605 1389 644 Gemina:
1420 621 1509 660 erqo
1533 614 1576 646 ut
1594 622 1668 646 sua
1688 616 1819 647 servat
1838 610 1957 654 dona,
1981 609 2090 646 nobis

1198 674 1430 727 faciundum
1459 683 1517 714 est
1544 678 1621 722 ita,
1666 678 1717 716 Ut
1737 693 1823 716 cum
1849 692 1896 716 ea
1920 680 2089 732 primum

1199 745 1396 783 blanditer
1417 761 1681 801 comparemus
1704 749 1922 802 colloquia?
1939 750 2086 788 Accius

1199 816 1421 869 Eurysace:
1450 818 1548 855 nihil
1569 824 1648 862 est,
1677 819 1713 855 si
1732 825 1861 856 autem
1883 819 1939 856 ad
1962 825 2001 857 tc
2027 832 2087 856 re-

1198 888 1350 930 tardat,
1381 888 1526 924 socium
1555 889 1597 924 in
1628 893 1747 941 portu
1779 894 1837 925 est
1863 889 1989 940 copia,
2012 903 2086 942 que

1197 955 1397 1000 subsistat,
1409 957 1519 993 modo
1535 962 1617 994 tute
1630 957 1711 1011 ipse
1724 962 1761 994 te
1775 956 1922 1007 effirma
1933 963 1971 994 et
1989 971 2086 995 com·

1196 1038 1312 1079 para.
1344 1026 1458 1063 Idem
1477 1027 1517 1063 in
1534 1027 1689 1064 Tereo:
1718 1032 1838 1082 atque
1852 1027 1895 1064 id
1907 1041 1975 1079 eqo
1989 1040 2086 1065 sem-

1194 1109 1268 1148 per
1288 1109 1432 1133 naccum
1456 1098 1511 1135 sic
1531 1098 1635 1150 agito
1658 1103 1695 1135 et
1710 1111 1905 1151 comparo,
1929 1096 2017 1145 Quo
2037 1105 2084 1136 20

1193 1172 1311 1218 pacto
1342 1180 1526 1219 *inaquam
1564 1169 1659 1205 olem
1694 1170 1866 1206 nimiam.
1937 1168 2085 1220 Turpi-

1196 1237 1273 1273 lius
1310 1237 1349 1273 iu
1381 1236 1575 1274 Lcmniis:
1619 1251 1831 1292 numquam
1872 1238 1988 1275 nnius
2027 1252 2087 1275 me

1196 1307 1420 1360 comparavi
1439 1308 1586 1344 servire
1612 1307 1835 1360 clae'yantiae.
1856 1308 1912 1346 M.
1925 1307 2085 1345 Tullius

1196 1377 1245 1414 de
1258 1376 1318 1414 Re
1332 1377 1490 1428 publica
1501 1377 1568 1415 lib.
1578 1391 1637 1415 v1:
1652 1391 1768 1432 quam
1781 1377 1824 1414 ob
1836 1391 1917 1415 rem
1932 1391 1974 1414 se
1985 1391 2085 1415 com·

1191 1453 1308 1499 paret
1331 1448 1392 1484 hic
1416 1449 1506 1484 civis
1524 1448 1581 1484 ita
1600 1462 1670 1485 nec
1690 1453 1761 1491 est,
1781 1454 1824 1485 ut
1851 1450 1930 1485 sint
1947 1454 2085 1485 contra

1194 1517 1311 1562 llaec,
1338 1531 1440 1572 quae
1471 1524 1618 1555 statum
1652 1519 1820 1555 civitatis
1846 1524 2084 1569 permovent,

1194 1601 1345 1640 semper
1395 1594 1588 1626 armatus.
1645 1589 1832 1626 Afranius
1875 1589 2080 1640 Epistola:

1194 1671 1286 1694 nam
1301 1658 1426 1709 proba
1447 1664 1485 1695 et
1505 1659 1652 1710 pudica
1683 1659 1788 1713 quod
1808 1671 1906 1703 sum,
1930 1658 2085 1696 consulo

1195 1732 1232 1764 et
1244 1740 1366 1780 parco
1385 1728 1492 1771 mihi,
1517 1726 1713 1775 Quoniam
1726 1733 1992 1778 comparatum
2013 1734 2084 1772 est,

1194 1811 1271 1835 uno
1301 1803 1343 1835 ut
1368 1799 1488 1835 simus
1511 1804 1714 1836 contentae
1735 1799 1834 1836 viro.
1865 1798 2009 1836 Cicero
2033 1798 2083 1836 de

1194 1868 1362 1906 Finibus
1400 1868 1597 1907 honorum
1628 1875 1668 1907 et
1706 1869 1900 1907 malorum
1937 1868 2007 1906 lib.
2032 1881 2081 1905 v:

1194 1940 1316 1975 omnis
1338 1941 1552 1976 auctoritas
1570 1939 1838 1992 philosophiae
1852 1940 2022 1977 constitit
2041 1939 2082 1975 in

1193 2007 1307 2046 beata
1330 2010 1413 2046 vita
1437 2010 1718 2062 comparanda.
1751 2009 2008 2061 Comparare,
2032 2017 2077 2047 30

1194 2093 1336 2118 emere.
1357 2079 1573 2117 Terentius
1582 2080 2079 2118 Ileautontimorumenon:

1192 2149 1253 2187 dis
1287 2148 1400 2187 cubia
1433 2162 1575 2186 aurum
1602 2155 1639 2187 et
1666 2155 1809 2186 vestem
1838 2154 1956 2203 atque
1984 2149 2079 2195 alia,

1193 2233 1294 2274 quae
1322 2233 1418 2273 opus
1443 2226 1549 2264 sunt,
1577 2225 1788 2272 comparet.

1245 2290 1513 2331 COMPONERE..
1531 2290 1712 2335 reficere,
1732 2302 1925 2327 recreare.
1964 2288 2077 2340 Virg.

1191 2358 1422 2412 Georgicon
1457 2360 1526 2398 lib.
1559 2373 1646 2397 1111:
1684 2360 1749 2396 vix
1781 2359 1847 2396 de·
1888 2355 2076 2410 (p.257.)

1187 2429 1295 2479 fessa
1320 2444 1451 2467 senem
1470 2443 1612 2482 passus
1637 2442 1861 2482 componere
1890 2428 2073 2467 membra.

1190 2565 1235 2598 G.
1253 2566 1291 2598 L.
1309 2567 1357 2598 A.
1385 2570 1585 2597 commovent
1609 2565 1738 2596 Moser.
1767 2570 1986 2607 pervertunt:
2013 2565 2076 2597 alii

1187 2633 1254 2654 sec.
1289 2623 1379 2653 Mos.
1414 2632 1524 2664 prona
1560 2620 1680 2652 1511.
1718 2621 1859 2664 publica
1890 2621 1980 2665 quod
2003 2622 2076 2653 sine

1188 2677 1280 2709 476.
1292 2677 1386 2709 485.
1401 2676 1493 2708 511.
1518 2677 1675 2707 consistit
1693 2676 1736 2708 G.
1749 2678 1793 2708 A.
1805 2677 1836 2708 b.
1853 2677 1916 2709 Or.
1937 2683 1985 2714 ut,
1999 2690 2074 2709 cum

1186 2733 1422 2776 despondet-im
1434 2732 1493 2763 cles
1509 2732 1569 2776 qui
1580 2744 1704 2763 aurum
1725 2744 1764 2763 ac
1785 2739 1906 2765 vestem
1928 2734 2010 2766 Elb.
2035 2744 2074 2770 ³0

1187 2788 1244 2820 dic
1269 2789 1326 2819 ubi
1349 2801 1470 2820 aarum
1501 2794 1534 2819 ct
1564 2796 1686 2820 vestem
1712 2790 1755 2822 B.
1798 2802 1883 2832 opus
1907 2797 2075 2835 comparet

1188 2846 1230 2877 B.
1258 2850 1315 2877 ter.
1341 2857 1464 2876 aurum
1488 2851 1518 2876 et
1544 2857 1574 2877 v.
1600 2845 1636 2878 b.
1664 2853 1842 2891 comparet.
1868 2846 2074 2889 Comparare

1190 2900 1281 2937 257,
1306 2899 1343 2933 6.
1357 2902 1400 2933 Α.
1427 2900 1630 2945 Componere
1642 2907 1724 2946 post
1739 2903 1832 2941 255,
1849 2903 1888 2937 ὃ.
1900 2905 1945 2938 Α.
1966 2904 2074 2937 lenire
