2174 3267
1844 225 1932 252 XXV

111 336 265 366 omnes
289 318 406 365 idem
440 319 676 379 ἅρχέτυπον
705 322 847 366 secuti
871 338 970 367 esse
992 320 1225 381 videntur,
1262 321 1428 369 eaedem
1456 324 1574 368 enim
1597 321 1767 368 lacunae
1796 331 1932 386 atque

108 400 351 447 verborum
383 405 759 465 transpositiones
795 404 1003 450 omnibus
1037 407 1202 451 insunt.

234 482 299 528 Et
336 484 540 529 codicum
575 486 772 548 quidem,
808 504 923 550 quos
949 489 1200 533 accuratius
1226 489 1518 545 excussimus,
1543 488 1680 552 longe
1715 495 1931 551 praestan-

106 563 304 608 tissimus
340 572 409 610 est
445 565 831 631 Guelferbytanus
868 568 987 614 Gud.
1022 567 1104 613 96.
1150 566 1299 613 Ebert
1348 585 1445 614 nro.
1473 566 1592 613 592.
1658 569 1936 615 membrana-

107 662 230 705 ceus,
249 644 365 692 Saec.
384 647 471 692 XI.
506 647 654 693 forma
688 647 925 711 quadrata,
953 648 1130 695 duobus
1156 648 1385 694 laterculis
1420 656 1647 708 exaratus,
1685 652 1808 696 cuius
1844 649 1935 695 col-

105 725 319 773 lationem
354 745 455 773 cum
489 746 514 773 a
550 729 600 776 S.
634 732 696 776 H.
730 731 947 777 Reimaro
972 730 1253 795 Bondamius
1273 732 1538 792 accepisset,
1573 730 1629 776 ab
1652 732 1750 793 ipso
1780 732 1932 794 Mai-q.

106 807 258 854 Gudio
295 810 573 869 confectam,
619 810 830 857 iudicavit
873 829 972 858 esse
1017 811 1219 858 codicem
1253 812 1433 874 optimae
1470 820 1588 858 notae
1625 819 1669 857 ct
1702 811 1823 856 haud
1857 813 1935 855 mi-

103 909 215 938 nore
240 895 387 955 pretio
408 896 579 956 optimo
601 894 695 953 illo,
731 913 822 959 quo
849 913 956 940 usus
982 903 1102 941 esset
1124 896 1378 954 Mercerus,
1411 895 1491 941 cfr.
1511 894 1728 939 Reuvens
1748 912 1792 956 p.
1816 891 1933 938 187.

102 974 178 1019 Ex
211 973 444 1036 pluribus,
490 975 545 1022 de
581 975 745 1039 quibus
780 976 881 1022 vide
929 975 1267 1022 adnotationem
1301 978 1516 1034 criticam,
1552 974 1794 1020 admodum
1830 991 1934 1036 pro-

102 1057 253 1103 babile
294 1058 502 1117 videtur,
547 1058 667 1103 hunc
715 1057 916 1104 codicem
951 1076 1050 1104 esse
1085 1059 1278 1104 eundem
1316 1075 1415 1104 cum
1450 1059 1687 1103 Victorino
1723 1057 1934 1102 Merceri.

105 1138 246 1196 Quod
281 1155 381 1184 cum
418 1156 474 1185 ex
508 1146 717 1184 accurata
753 1139 918 1184 codicis
954 1139 1195 1184 collatione
1230 1140 1617 1201 cognovissemus,
1652 1137 1935 1200 Madvigium

103 1219 221 1265 idem
267 1222 477 1265 statuisse
523 1220 726 1264 vidimus.
796 1219 887 1277 Qui
934 1237 1034 1264 cum
1082 1218 1282 1265 eiusdem
1327 1218 1493 1264 codicis
1539 1219 1825 1264 collationem
1871 1218 1933 1263 di-

102 1302 469 1365 ligentissimam,
526 1321 626 1366 quae
683 1302 788 1348 olim
845 1303 912 1348 Io.
972 1301 1155 1347 Alberti
1210 1300 1407 1347 Fabricii
1466 1301 1575 1358 fuit,
1633 1301 1826 1345 Hauniae
1889 1301 1934 1344 in

101 1382 377 1430 bibliotheca
411 1384 666 1431 academica
701 1391 1006 1443 asservatam,
1041 1387 1291 1430 accuratius
1335 1385 1662 1440 examinasset,
1708 1384 1857 1428 omnia
1889 1383 1935 1426 in

103 1483 155 1512 ea
190 1467 379 1513 inveniri
412 1468 638 1526 iudicavit,
674 1486 773 1532 quae
809 1468 1046 1514 Mercerns
1081 1485 1105 1513 e
1140 1467 1294 1514 codice
1315 1467 1433 1513 Vict.
1460 1465 1726 1523 laudaverit,
1762 1464 1841 1509 cfr.
1878 1463 1936 1508 ad

103 1548 197 1595 Cic.
217 1548 271 1595 de
290 1549 497 1607 Finibus,
519 1551 710 1595 Hauniae
749 1548 902 1596 1859.
938 1570 980 1613 p.
1001 1548 1119 1595 221.
1154 1548 1274 1595 369.
1342 1549 1567 1594 Dissentit
1607 1546 1664 1593 G.
1705 1544 1936 1601 Scebode,

103 1631 180 1692 qui
212 1631 258 1675 in
291 1630 423 1676 Μίδα.
459 1631 569 1677 Crit.
604 1631 709 1677 Vol.
746 1629 791 1676 1.
826 1631 1026 1677 eiusdem
1063 1629 1229 1676 codicis
1264 1630 1482 1676 lectiones
1515 1630 1742 1674 variantes
1777 1645 1935 1690 parum

84 1710 343 1775 diligenter
367 1720 604 1776 excerptas
630 1714 844 1777 evulgare
867 1715 1018 1775 coepit,
1054 1721 1099 1759 et
1126 1712 1225 1759 cod.
1249 1711 1402 1759 Guels.
1433 1709 1708 1773 singularem
1732 1708 1937 1756 codicum

102 1792 315 1838 familiam
349 1793 513 1840 ducere
543 1796 823 1839 existimavit.
858 1794 1003 1839 Nobis
1024 1795 1240 1855 imprimis
1260 1810 1432 1838 summa
1467 1792 1659 1837 hominis
1692 1791 1935 1837 doctissimi

102 1873 261 1922 Ph.C.
284 1876 455 1933 Hessii,
492 1875 726 1921 directoris
759 1876 982 1938 gymnasii
1019 1873 1415 1932 Helmstadiensis,
1450 1872 1769 1918 benevolentia
1805 1872 1934 1933 copia

102 1956 202 2014 fuit,
238 1963 288 2001 ut
313 1956 432 2002 hunc
456 1957 873 2020 praestantissimum
900 1954 1100 2000 codicem
1135 1955 1403 2012 accuratius,
1429 1971 1565 2016 quam
1600 1960 1732 1999 antea
1766 1953 1935 1998 factum

103 2046 216 2097 erat,
251 2041 622 2085 examinaremus.

231 2122 472 2168 Secundus
508 2131 576 2170 est
610 2123 877 2180 Leidensis,
923 2122 1193 2178 Vossianus,
1229 2118 1374 2166 Catal.
1409 2117 1529 2163 Bihl.
1563 2116 1693 2162 Leid.
1740 2136 1784 2180 p.
1814 2115 1934 2162 575.

103 2222 200 2250 nro.
222 2203 303 2249 75.
341 2206 417 2268 qui
446 2206 649 2267 quamvis
675 2222 766 2250 non
788 2205 1000 2261 omnium,
1025 2203 1102 2265 qui
1123 2207 1318 2259 exstant,
1342 2201 1399 2244 sit
1423 2200 1775 2262 antiquissimus,
1810 2197 1934 2261 quod

103 2285 210 2332 olim
242 2286 454 2331 iudicavit
487 2285 857 2343 Lindemannus,
901 2291 1051 2328 tamen
1099 2290 1144 2328 et
1188 2283 1286 2344 ipse
1332 2280 1448 2326 Saec.
1483 2280 1569 2324 XF.
1619 2281 1813 2341 scriptus
1850 2286 1933 2336 cst,

102 2367 249 2413 forma
289 2367 534 2430 quadrata,
583 2366 760 2412 duobus
807 2364 1063 2423 laterculis,
1110 2362 1326 2421 membr.;
1389 2378 1523 2424 quem
1578 2359 1933 2422 Oudendorpius

103 2448 381 2506 contulerat,
416 2450 540 2493 cuius
576 2447 816 2494 collatione
852 2463 959 2491 usus
995 2452 1064 2491 est
1103 2442 1411 2500 Bondamius,
1459 2442 1539 2487 cfr.
1581 2443 1798 2487 Reuvens
1841 2442 1869 2486 l.
1905 2441 1933 2486 l.

102 2530 381 2575 Litterarum
429 2529 589 2575 ductus
635 2529 731 2575 fere
780 2528 943 2585 iidem,
990 2526 1208 2572 lectiones
1251 2524 1489 2586 aliquoties
1540 2522 1748 2568 meliores
1798 2541 1934 2587 quam

104 2612 469 2675 Guelferbytani,
503 2610 584 2657 sed
619 2612 781 2673 saepius
817 2609 1090 2663 deteriores,
1123 2608 1169 2651 in
1202 2605 1404 2669 plurimis
1439 2604 1535 2650 fere
1572 2606 1822 2663 consentit,
1871 2606 1932 2650 ita

103 2700 152 2738 ut
184 2692 257 2739 hic
288 2693 403 2739 liber
439 2695 583 2757 magis
620 2695 753 2739 etiam
790 2693 1027 2738 confirmet
1056 2690 1367 2735 auctoritatem
1400 2689 1577 2750 pri0ris.

230 2777 416 2823 Tertius
451 2784 520 2824 est
538 2776 839 2835 Genevensis,
875 2776 951 2838 qui
987 2779 1160 2818 tantum
1199 2778 1335 2833 caput
1365 2777 1576 2833 quartum
1604 2768 1933 2832 complectitur,

104 2857 149 2900 in
167 2855 393 2921 Catalogo
426 2876 496 2922 ap.
529 2856 796 2905 Sennebier.
831 2875 874 2919 p.
897 2853 1017 2900 216.
1056 2870 1152 2898 nro.
1180 2850 1263 2897 84.
1296 2850 1482 2897 membr.
1513 2850 1659 2896 forma
1687 2848 1931 2913 quadrata,

105 2956 241 3001 quem
275 2941 347 2987 ille
383 2943 419 2985 si
459 2943 603 2987 minus
636 2939 800 2986 saeculo
835 2937 968 2984 Vm.
1006 2943 1125 2981 certe
1161 2934 1246 2980 lX.
1279 2935 1493 2996 scriptum
1519 2949 1616 2978 esse
1642 2932 1817 2986 statuit,
1853 2928 1932 2974 sed

1436 3015 1479 3042 iv
