2174 3267
550 141 600 178 Χ.
656 139 730 178 DE
757 139 1015 179 MUTATIS
1045 140 1581 182 CONIUGATIONIBUS.

190 248 374 285 Omana
415 259 487 297 pro
521 247 708 297 operiam.
773 247 1017 300 Pomponius

138 316 346 354 Praefecto
372 329 542 354 morum:
583 322 702 368 pater
729 322 842 355 atest.
876 322 1016 369 negato

136 399 217 423 esse
243 386 305 423 hic
331 398 390 423 me
398 400 414 430 ,-
445 399 512 436 eqo
539 385 691 438 operz‘bo
714 393 845 439 caput.

136 452 198 507 (p.
216 451 338 498 503.)
400 454 570 492 PAmmT
601 469 674 506 pro
703 457 843 507 pariet.
898 455 1015 510 Pom-

134 525 275 576 ponius
296 524 484 563 Buecone
510 530 734 563 auctorato:
764 528 801 563 si
814 539 1015 579 preqnans

132 607 209 631 non
234 606 288 638 08,
316 593 467 645 paribis
489 607 712 648 numquam.

184 664 489 701 PERVEMBUNT.
555 664 800 716 Pomponius
843 665 1014 702 Pintone

62 725 66 731 ’
133 733 358 784 Gorgonio:
406 734 595 771 hominem
630 733 805 779 beatum,
845 748 921 789 quo
952 735 1016 773 ille

126 803 384 855 pet-venibunt
417 804 595 841 divitiae!

181 873 380 912 Rssnnfflo.
394 874 560 912 Plautus
568 873 791 912 Vidularia:
804 887 871 926 eqo
884 887 1015 911 serva-

128 942 188 989 bo,
207 946 324 997 quasi
341 945 538 998 sequestri
557 945 670 988 detis,
694 946 827 982 neutri
846 944 1015 982 reddibo.

134 1020 177 1051 10
271 1013 589 1052 REPPEREmTUR
629 1028 702 1065 pro
747 1014 1013 1066 repperietur.

127 1084 376 1135 Pomponius
400 1084 534 1122 Anulo
561 1084 801 1135 posteriore:
842 1084 904 1129 id,
930 1098 1012 1122 ere-

125 1154 190 1198 do,
220 1156 378 1198 metuis,
415 1167 464 1191 ne
493 1154 642 1191 invidia
669 1154 806 1198 Desit,
834 1167 920 1191 eum
948 1167 1013 1190 ne-

125 1238 199 1268 mo,
218 1225 288 1278 qui
300 1230 377 1261 ate
391 1225 568 1276 recipiat,
591 1223 862 1276 repperibitur.
892 1222 1010 1260 Plau-

126 1299 188 1331 tus
219 1293 260 1330 in
287 1293 477 1344 Epidico:
524 1293 621 1347 qnid
653 1292 722 1329 illa
749 1291 818 1342 fiet
847 1290 1012 1341 fidicina

123 1363 271 1415 quz'tur?
291 1388 334 1392 —-
351 1363 489 1417 aliqua
514 1376 576 1400 res
600 1362 871 1416 repperibitur.
910 1362 1010 1400 Cae-

123 1433 239 1472 cilius
262 1432 417 1471 Oholo:
456 1446 562 1470 nunc
588 1433 781 1470 enimvero
810 1437 868 1469 est
882 1460 895 1477 ,
926 1446 1011 1470 cum

121 1517 230 1542 meae
255 1504 374 1541 morti
400 1503 612 1541 remedium
633 1502 862 1556 Repperibit
889 1516 1010 1540 nemo.

175 1574 389 1611 Possmufl
416 1588 492 1624 pro
517 1576 668 1625 posset.
719 1572 1010 1624 Quadrigarius

122 1643 334 1682 Annalium
355 1642 425 1681 lib.
447 1658 479 1681 1:
508 1658 593 1681 eum
625 1657 704 1681 non
730 1648 912 1695 possetur
942 1643 1007 1680 de-

122 1713 252 1758 cerni,
277 1713 406 1750 utrius
431 1718 644 1765 putaretur
669 1713 833 1750 victoria
862 1726 955 1751 esse.

123 1791 169 1822 20
244 1783 386 1821 Samvl
410 1796 484 1834 pro
512 1783 636 1834 sapui.
665 1781 817 1821 Novius
838 1783 1007 1834 Virgine

120 1857 388 1905 praegnante:
435 1852 594 1907 quando
625 1865 693 1904 eqo
731 1852 831 1890 Plus
863 1853 1007 1905 sapivi,

119 1924 216 1977 quin
243 1922 428 1976 fullonem
457 1923 656 1974 conpressi
678 1922 1004 1977 quinquatrubus.

118 2028 250 2072 chcal.
273 2030 425 2061 Palmer.
444 2030 491 2063 M.
514 2030 637 2063 Munk.
663 2030 790 2075 neqoebo
807 2028 924 2061 1480.
946 2042 1006 2075 eqo

117 2083 167 2130 (p.
185 2082 292 2121 508.)
310 2097 375 2118 om.
389 2085 461 2119 AJ.
487 2086 635 2118 Pithone
653 2085 773 2119 1526.
787 2086 823 2119 J.
849 2086 1006 2129 Pythone

117 2142 216 2175 Scal.
227 2142 348 2186 Steph.
363 2143 483 2174 Munk.
501 2143 645 2181 beatum,
667 2143 757 2188 quod
770 2144 838 2181 Ὧν,
846 2144 895 2175 Μ.
920 2144 1005 2175 illae

117 2200 200 2232 edd.
220 2200 418 2232 Aulularia
431 2201 541 2243 princ.
558 2201 659 2244 quasi
676 2212 738 2231 om.
754 2201 795 2232 L.
813 2199 956 2231 rodda-bo
971 2198 1001 2242 cj

119 2265 151 2290 ιο
165 2255 343 2299 Sehoppe.
372 2256 618 2299 Repperibitur
637 2256 760 2298 mgW.
786 2255 940 2287 invidiae
964 2255 1003 2286 id

115 2313 163 2343 sit
183 2312 266 2355 ejM.
294 2312 429 2344 invidia
456 2312 535 2343 inde
558 2313 605 2344 sit
629 2311 788 2356 ejBothe.
812 2311 902 2342 desit
927 2311 1001 2347 tibi,

115 2379 188 2400 cam
200 2368 272 2406 JM,
284 2368 409 2406 Bothe,
424 2369 542 2401 Munk.
562 2368 758 2400 obolostate
771 2369 822 2401 Μ.
840 2379 897 2399 nec
913 2368 1001 2399 enim

114 2435 192 2456 vero
202 2425 269 2462 w‘,
281 2429 360 2458 ante
370 2427 416 2457 A.
436 2438 495 2458 nec
507 2426 595 2457 enim
609 2437 641 2457 υ.
658 2450 665 2458 .
680 2451 687 2458 .
697 2426 903 2470 reperibitur
917 2421 1000 2462 (om,

115 2491 152 2516 20
169 2477 276 2518 nemo)
299 2481 463 2525 chsaun.
488 2488 615 2526 quanto
636 2495 697 2527 eyo
715 2483 796 2526 ch,
813 2482 915 2514 Voss.
941 2481 1002 2525 qni

1882 145 1971 182 547

1137 249 1294 287 vimmo
1311 263 1386 302 pro
1404 251 1567 289 veniam.
1599 250 1843 304 Pomponius
1859 252 1969 292 Mac-

1084 318 1140 356 cis
1161 320 1346 370 geminis:
1374 333 1460 359 sero
1485 326 1564 366 estg
1589 327 1714 366 sexta,
1737 323 1775 360 si
1796 321 1869 360 tibi
1883 323 1968 376 pla-

1081 393 1154 433 cet,
1178 388 1323 427 venz’bo.

1133 457 1385 496 Pom-mmmm
1408 472 1482 511 pro
1506 463 1678 511 poterat.
1712 460 1870 500 Caelius
1885 459 1967 499 An-

1082 526 1163 564 nali
1187 527 1256 564 lib.
1276 542 1309 564 1:
1338 541 1424 565 oum
1456 529 1544 565 iure
1578 529 1662 566 sine
1686 532 1859 582 periculo
1891 531 1965 569 bel-

1080 596 1158 633 lum
1182 597 1271 649 yeri
1294 602 1514 650 poteratur.
1543 612 1746 637 POTESTUR
1774 614 1846 651 pro
1878 605 1967 652 pot-

1081 670 1154 703 est.
1205 665 1402 705 Pacuvius
1429 667 1600 720 Chryse:
1635 671 1673 706 si
1692 683 1772 724 qua
1792 677 1969 722 potestur

1080 736 1313 788 investigari
1329 738 1405 775 via.
1434 737 1720 789 Quadrigarius
1734 739 1882 778 Annali
1899 739 1966 777 lib.

1081 820 1145 843 111:
1174 807 1272 844 adeo
1296 810 1504 845 memorari
1525 809 1591 846 vix
1613 814 1754 859 potest,
1782 814 1826 846 ut
1858 823 1896 846 o-
1919 818 1965 848 30

1082 890 1188 914 mnes
1207 876 1321 915 simul
1342 883 1434 916 sunt
1457 879 1622 931 quisque
1638 879 1831 931 negotium
1850 879 1965 917 ador-

1063 948 1115 984 ‘tz’
1139 952 1276 985 essent.

1135 1017 1341 1055 Sommm‘r
1384 1030 1457 1068 pro
1501 1016 1642 1054 solitus
1683 1018 1745 1056 sit.
1804 1017 1967 1056 Coelius

1079 1086 1228 1125 Annali
1252 1086 1321 1124 lib.
1347 1101 1421 1124 vn:
1450 1087 1548 1125 duos
1579 1093 1616 1124 et
1642 1089 1893 1141 septuaginta
1922 1088 1965 1125 li-

1079 1158 1194 1194 ctoris
1217 1157 1371 1193 domum
1387 1156 1652 1206 deportavisse
1669 1156 1732 1208 fa-
1751 1153 1815 1208 (p.
1836 1152 1965 1202 509.)

1079 1226 1152 1269 εἰς,
1196 1226 1267 1279 qui
1286 1225 1510 1263 ductoribus
1535 1226 1700 1263 hostium
1725 1232 1818 1263 ante
1843 1227 1964 1264 solue-

1078 1297 1159 1332 rint
1183 1294 1297 1342 ferri.

1129 1363 1301 1402 mexo.
1340 1361 1491 1403 Novius
1512 1364 1742 1416 Dapatieis:
1772 1364 1853 1410 tibi,
1881 1379 1966 1403 eum

1075 1434 1230 1479 videbo,
1254 1433 1384 1485 fidelis
1415 1448 1495 1471 ero.

1128 1503 1485 1542 DErLouAnUNnUs
1502 1517 1576 1556 pro
1596 1504 1823 1555 deplorans.
1845 1504 1963 1543 Plau-

1075 1579 1138 1612 tus
1161 1575 1202 1611 in
1220 1573 1446 1613 Aulularia:
1467 1574 1576 1612 homo
1595 1575 1651 1613 ad
1661 1581 1884 1628 praetorem
1900 1589 1962 1614 ve-

1074 1646 1133 1682 nit
1160 1644 1489 1697 deplorabundus.

1126 1713 1298 1751 Cocum
1325 1727 1399 1765 pro
1427 1714 1477 1751 ad
1504 1715 1766 1766 coquendum.
1796 1714 1962 1752 Plautus

1072 1783 1113 1820 in
1135 1783 1363 1822 Aulularia:
1390 1783 1486 1820 solet
1508 1785 1567 1820 ire
1592 1789 1750 1824 coctum.
1915 1792 1958 1823 10

1124 1853 1289 1891 llIAcET.
1347 1853 1514 1891 Plautus
1552 1854 1593 1890 in
1623 1852 1852 1892 Aulularia:
1891 1855 1961 1908 qui

1072 1936 1161 1961 ossa
1187 1936 1235 1962 ae
1259 1923 1372 1975 pellis
1397 1929 1529 1968 tenoS,
1562 1923 1620 1962 ita
1652 1929 1787 1962 mac-et,

1071 2028 1151 2069 full.
1169 2027 1485 2074 1526.J‚1=1-0hM.
1507 2043 1593 2076 quae
1611 2029 1692 2071 full.
1707 2031 1867 2075 chothe.
1895 2032 1957 2064 vix

1067 2092 1226 2130 potestur
1249 2093 1288 2118 ut
1312 2110 1318 2117 .
1340 2111 1347 2118 .
1371 2099 1470 2118 sunm
1494 2089 1638 2132 quisque
1663 2089 1742 2120 edd.
1765 2089 1902 2121 lictores
1918 2098 1956 2123 30

1073 2142 1265 2175 MSOAJ.
1273 2140 1385 2182 fasces
1399 2142 1602 2186 chulielm.
1612 2142 1721 2182 fascis
1729 2145 1776 2176 M.
1791 2140 1836 2188 (p.
1848 2140 1955 2180 509.)

1068 2199 1220 2231 soluerin
1238 2199 1280 2231 L.
1311 2196 1403 2238 ferre
1427 2198 1635 2242 chulielm.
1671 2200 1797 2232 Vive-bo
1812 2194 1896 2235 (his)
1922 2200 1953 2242 cj

1067 2256 1164 2300 Lips.
1175 2256 1225 2287 M.
1241 2255 1367 2287 Fidebo
1380 2252 1464 2292 (bis)
1476 2255 1698 2298 chenfin.J.
1716 2254 1952 2299 Depatict‘sA‚

1066 2313 1161 2354 ng,
1172 2312 1222 2344 Μ.
1248 2312 1413 2356 Depactis
1427 2312 1624 2355 chothess.
1648 2312 1694 2344 ad
1715 2313 1952 2357 quoquendum

1067 2370 1135 2400 XV.
1162 2369 1286 2405 Mutet,
1306 2379 1371 2410 pro
1397 2368 1577 2400 macilento
1597 2370 1664 2406 W,
1690 2372 1769 2400 ante
1779 2368 1826 2407 Α,
1837 2368 1883 2400 Μ.
1917 2378 1950 2402 10

1067 2426 1116 2457 M.
1133 2437 1197 2468 pro
1212 2425 1416 2457 macilentus
1433 2430 1482 2456 est
1496 2425 1566 2457 AJ.
1585 2426 1693 2466 pallis
1714 2425 1827 2468 princ.
1844 2430 1950 2456 totum

1067 2483 1118 2514 ita
1135 2483 1182 2514 A.
1201 2487 1292 2514 totns
1310 2487 1371 2518 est,
1390 2482 1442 2513 ila
1459 2492 1542 2514 cura
1559 2488 1664 2514 mucel
1683 2481 1857 2526 chcntiu,
1871 2481 1945 2514 JM*

858 2690 888 2693 η
905 2680 1197 2704 ”waw—
