2174 3267
767 168 834 206 Vl.

119 277 282 331 Saepius
329 276 386 314 ad
421 277 574 329 capita,
629 281 668 314 et
700 276 822 314 duros
859 277 1011 315 iactare

121 344 177 399 (p.
204 346 325 391 458.)
349 346 528 383 bidentis.

173 417 313 454 Sumam
355 416 517 467 proprie
562 429 582 452 a
622 416 800 466 sugendo
843 415 1008 453 dictum:

122 500 209 524 nam
243 491 283 523 et
310 485 483 522 mulieris
508 499 710 522 mammam
741 499 876 523 sumen
902 489 1009 521 vete-

122 568 185 592 res
210 554 287 591 diei
311 554 460 592 volunt.
497 553 674 591 Lucilius
693 555 921 606 Satyrarum
940 553 1009 592 lib.

121 638 209 662 1111:
251 623 356 678 quod
393 625 430 660 si
462 623 572 660 nulla
603 630 730 677 potest
757 625 895 662 mulier
930 629 1010 661 tam

122 706 282 745 corpore
314 693 413 730 duro
442 690 567 737 Esse,
610 698 741 730 tamen
771 699 904 731 tenero
931 706 1010 730 ma-

122 768 291 817 neatque
319 775 436 800 sucus
460 763 625 807 lacerto,
655 760 711 800 Et
736 776 875 801 mamis
906 761 1016 801 uberi

122 833 290 870 lactanti
314 833 357 869 in
386 834 534 869 sumine
559 833 679 870 sidat.

178 902 361 939 Exnnms
392 906 432 939 et
460 915 601 939 sromA
633 915 711 939 non
738 901 864 939 solum
890 901 1013 939 homi-

133 979 175 1009 ¹0
202 986 294 1008 num
327 972 498 1020 tegmina
529 976 596 1008 aut
621 976 751 1009 vestes
775 971 852 1008 dici
881 985 1015 1022 posse,

128 1040 320 1091 Virgilius
354 1044 491 1076 auctor
525 1045 587 1078 est
622 1041 663 1077 in
691 1032 756 1078 Gn
788 1040 855 1077 lib.
885 1055 927 1078 11.
959 1041 1016 1078 di-

129 1123 222 1147 cens
261 1110 310 1147 de
347 1114 554 1161 serpente:
604 1124 688 1147 cum
724 1111 861 1162 positis
897 1123 1018 1147 novus

128 1180 276 1217 exuviis
296 1179 522 1233 nitidusque
543 1180 700 1216 iuventa
728 1175 909 1216 Volvitur.
941 1182 1017 1217 Ac-

129 1250 213 1286 cius
237 1248 425 1287 Bacchis:
445 1254 538 1284 tunc
551 1249 743 1300 pecudum
761 1249 922 1285 exuvias
938 1248 1020 1285 levo

122 1320 253 1375 pictas
266 1318 386 1354 lateri
397 1318 658 1355 accomodant.
682 1317 910 1355 Lucretius:
929 1331 1021 1354 nam

129 1401 244 1440 saepe
273 1388 446 1424 videmus
470 1387 630 1424 Illorum
659 1387 789 1441 spoliis
814 1401 905 1425 vere
931 1388 1022 1425 voli-

130 1457 302 1496 tantibus
326 1463 476 1494 auctas.

185 1527 391 1564 Divon'rlA
416 1540 494 1563 non
523 1527 695 1577 coniugii
724 1527 1022 1565 distractionem

133 1597 272 1641 solum,
304 1596 373 1632 sed
403 1596 520 1633 etiam
555 1597 724 1633 omnium
753 1597 1021 1642 inflexionum,

135 1680 235 1718 quae
265 1680 286 1702 a
320 1670 430 1703 recto
467 1665 779 1716 detorquentur„
830 1666 1023 1717 Virgilius

136 1740 275 1773 auctor
316 1740 375 1772 est
406 1734 474 1771 lib.
511 1748 626 1771 vnn:
666 1735 834 1773 obiciunt
881 1738 1027 1790 equites

140 1813 186 1842 20
217 1817 298 1841 sese
325 1804 380 1841 ad
403 1804 574 1840 divortia.
598 1810 691 1840 nota
719 1803 811 1841 Huc
838 1805 937 1842 illuc.

189 1874 389 1912 Vlnoim-:s
422 1887 501 1911 non
535 1873 661 1910 solum
689 1874 856 1911 feminae
888 1875 1024 1912 dicun-

138 1948 225 1987 tur,
255 1957 389 1981 verum
423 1943 539 1979 etiam
567 1943 679 1994 pueri
713 1943 903 1981 investes:
939 1959 1025 1982 nam

140 2017 180 2050 et
215 2013 450 2064 quicumque
493 2026 540 2049 ex
579 2011 733 2064 yfoehis
773 2019 1025 2059 excesserat,

140 2083 378 2133 devirgiuari
398 2081 639 2119 dicebantur.
682 2082 812 2120 Varro
835 2079 933 2134 περὶ
953 2081 1025 2131 ξα-

139 2149 294 2206 γωγῆςι
325 2165 440 2205 quam
467 2150 713 2204 symphatian
731 2151 814 2189 lubi
833 2158 875 2189 at
898 2153 1025 2190 oculos

140 2223 341 2266 haberent,
360 2222 455 2275 quid
471 2203 680 2272 imaginium
696 2223 913 2266 interesset,
925 2235 1026 2274 puer

141 2331 272 2372 prietas
301 2329 487 2372 urguendo,
513 2330 574 2360 sed
600 2340 688 2360 corr.
710 2330 747 2360 L.
770 2335 878 2361 tenero
902 2337 1029 2362 moveat

144 2397 212 2417 suc.
235 2383 354 2418 1480.
368 2385 441 2417 AJ.
459 2396 621 2416 succussa
642 2386 817 2423 1nsBasil.‚
834 2387 916 2418 edd.
933 2397 1034 2426 prae-

147 2445 200 2473 ter
224 2442 330 2484 princ.
358 2447 501 2472 tenerem
529 2447 655 2472 moveat
682 2453 842 2473 succussa
873 2443 1032 2474 lacertam

148 2496 278 2539 chips.
302 2498 435 2528 uberior
450 2496 486 2528 J.
506 2498 594 2528 inter
605 2500 648 2528 'or
670 2498 724 2528 vel
746 2498 888 2530 ulterior
902 2498 1031 2542 chips-

152 2563 185 2587 10
214 2554 274 2584 lib.
296 2554 349 2584 iii.
368 2554 416 2585 Μ.
430 2565 465 2596 p.
485 2552 577 2588 457,
604 2553 663 2584 11.
690 2553 872 2585 Lucretius
892 2567 923 2597 p.
940 2554 1035 2592 251,

155 2610 213 2642 14.
247 2611 369 2653 spoliis
403 2623 518 2655 vepres
556 2610 674 2642 1526.
701 2611 773 2643 JM.
803 2612 961 2655 coniuqia
987 2611 1029 2642 L.

152 2677 187 2701 20
216 2667 274 2698 lib.
296 2668 388 2699 viiii.
411 2680 445 2710 p.
466 2666 559 2705 290,
581 2666 643 2699 24.
665 2666 798 2707 ephebis
820 2672 1033 2698 excesserant

153 2725 233 2756 edd.
256 2736 293 2754 π.
311 2722 462 2766 ἐξαγωγῆς
477 2724 601 2767 chM.
619 2723 847 2767 sympathiam
867 2723 1035 2755 lubidinis

154 2792 202 2811 oc.
219 2780 287 2823 ch.
306 2780 529 2822 sympathiam
549 2781 655 2811 lumbi
671 2780 717 2811 ad
734 2791 783 2812 oc.
801 2778 931 2822 chips.
945 2780 1036 2821 Pop-

155 2848 226 2872 ma,
255 2837 303 2867 M.
335 2835 467 2866 haberet
500 2841 577 2868 ante
599 2836 646 2868 M.
677 2836 760 2880 quid
787 2847 946 2880 magnum
969 2835 1036 2878 ch.

155 2892 293 2936 probM.
331 2891 415 2936 quid
440 2892 616 2933 inquinant
642 2892 774 2934 chips.
798 2893 939 2935 Popma.
962 2904 1040 2933 pue-

890 167 964 206 DE
1009 168 1349 208 INPROPRHS.

1873 173 1960 210 511

1077 283 1206 315 utrum
1245 291 1326 316 esse
1371 279 1657 330 devirginatum
1700 292 1844 317 usurus
1857 308 1869 324 ,
1911 293 1968 317 απ.

1075 361 1366 400 monteceptocac
1395 362 1544 401 purus,
1577 349 1668 386 dum
1701 349 1840 399 coyito.

1129 416 1283 454 meAs
1308 431 1385 454 non
1408 418 1446 454 in
1474 423 1589 468 partu
1610 419 1735 455 solum
1760 432 1966 470 possumus

1077 485 1230 531 dicere,
1267 487 1337 523 sed
1368 486 1484 524 etiam
1513 488 1617 524 omni
1649 487 1785 525 labore
1817 489 1966 525 exerci-

1076 558 1159 599 tos,
1199 559 1359 592 auctore
1387 555 1558 606 Virgilio
1583 557 1784 594 Aeneidos
1811 557 1877 594 lib.
1902 571 1964 594 111:

1074 625 1208 676 stirpis
1233 624 1435 662 Achilleae
1461 623 1590 677 fastus
1622 627 1873 679 iuvenemque
1918 635 1964 664 30

1074 693 1300 745 superbum,
1323 693 1490 731 Set-vitio
1520 695 1679 739 enixae,
1709 694 1879 732 tulimus,

1129 763 1280 800 PRANsi
1314 777 1391 800 non
1425 763 1571 809 solum,
1607 764 1673 816 qui
1704 764 1971 815 pranderent,

1079 833 1291 874 dicuntur.
1326 834 1396 870 sed
1425 834 1562 878 etiam,
1600 834 1740 886 quihus
1773 833 1869 870 nihil
1902 834 1969 870 de—

1082 902 1144 939 sit.
1180 901 1308 940 Varro
1334 902 1604 949 mantibulis,
1631 899 1737 956 περὶ
1761 901 1818 955 (p.
1842 899 1969 948 459.)

1081 967 1313 1025 ἕπαρχιῶνε
1355 985 1499 1027 quare,
1535 987 1556 1009 o
1589 973 1744 1017 illarce,
1782 986 1971 1026 pransum

1083 1054 1129 1078 ac
1152 1047 1341 1093 paratum
1371 1049 1493 1086 esset,
1518 1043 1588 1080 hoc
1618 1045 1785 1080 minume
1808 1049 1970 1095 oportet.

1137 1110 1196 1148 Os
1221 1118 1391 1149 rostrum
1419 1112 1478 1149 vel
1505 1113 1643 1150 faciem
1665 1112 1864 1150 hominum
1889 1119 1973 1150 tan-

1084 1184 1166 1216 tum
1207 1180 1285 1218 dici
1329 1186 1470 1231 putant
1510 1177 1570 1228 (ut
1613 1182 1661 1219 de
1701 1188 1830 1220 rostro
1868 1183 1975 1234 Virg.

1085 1249 1152 1286 lib.
1178 1263 1286 1286 vnn:
1314 1250 1435 1287 donec
1453 1250 1594 1289 Rutuli
1615 1251 1820 1289 clamantis
1844 1253 1886 1289 in
1909 1266 1976 1290 ore

1087 1317 1296 1356 Contendit
1328 1320 1519 1363 advorso3
1556 1320 1604 1357 de
1634 1321 1733 1358 facie
1765 1321 1870 1359 idem
1897 1323 1976 1360 Ae-

1087 1388 1226 1425 neidos
1248 1388 1316 1425 lib.
1343 1403 1376 1425 1:
1414 1402 1456 1426 os
1482 1402 1709 1445 umerosque
1723 1391 1794 1428 deo
1813 1389 1978 1438 similis.)

1087 1472 1173 1496 cum
1200 1459 1434 1497 auctoritate
1457 1464 1634 1498 veterum
1657 1465 1696 1499 et
1719 1462 1916 1513 pecudum
1938 1468 1979 1500 et

1084 1528 1254 1567 ferarum
1291 1528 1370 1566 dici
1398 1530 1536 1580 possit.
1585 1530 1776 1581 Virgilius
1804 1532 1872 1569 lib.
1900 1546 1979 1570 xlx:

1086 1611 1157 1636 ora
1190 1600 1397 1637 citatorum
1424 1600 1567 1637 dextra
1596 1600 1756 1638 detorsit
1786 1616 1900 1656 equo·
1935 1610 1978 1641 10

1249 1668 1309 1706 Os
1348 1670 1464 1707 etiam
1499 1670 1663 1708 alicuius
1700 1672 1757 1709 rei
1793 1676 1834 1709 et
1865 1685 1980 1710 omne

1090 1742 1230 1788 patens
1259 1738 1387 1789 accipi
1413 1744 1558 1789 potest.
1601 1741 1713 1792 Virg.
1739 1740 1886 1793 Georg.
1910 1742 1982 1783 lib.

1091 1820 1153 1842 111:
1192 1820 1307 1861 quam
1330 1810 1367 1845 si
1386 1810 1470 1863 quis
1484 1809 1593 1860 f'erro
1613 1812 1742 1863 potuit
1759 1810 1982 1848 rescindere

1089 1888 1274 1913 sunnnum
1315 1877 1464 1915 Ulceris
1504 1891 1555 1915 os.
1605 1878 1659 1916 Et
1692 1879 1741 1917 de
1771 1880 1887 1917 leone
1911 1880 1981 1922 lib.

1091 1959 1159 1982 xn.
1192 1946 1315 1984 idem:
1353 1948 1559 1999 inpavidus
1586 1947 1739 2000 frangit
1770 1949 1911 1994 telum,
1944 1957 1982 1988 et

1089 2014 1223 2066 fremit
1244 2029 1309 2053 ore
1334 2022 1504 2054 cruento.
1545 2018 1656 2055 Idem
1676 2018 1744 2056 lib.
1772 2034 1822 2056 ll:
1858 2026 1895 2057 et
1922 2021 1980 2058 in-

1086 2090 1239 2137 ¹qentem
1273 2086 1352 2123 luto
1393 2087 1502 2124 dedit
1542 2101 1608 2124 ore
1642 2088 1872 2139 fenestram.
1923 2090 1979 2128 M.

1090 2154 1250 2192 Tullius
1285 2155 1334 2192 de
1362 2156 1578 2208 Suppliciis
1610 2158 1649 2194 in
1666 2158 1853 2196 Verrem:
1891 2172 1983 2197 nam

1091 1681 1177 1705 Πίηι
1184 1697 1192 1705 .

1089 2224 1132 2260 in
1158 2225 1239 2277 ipso
1270 2226 1382 2263 aditu
1410 2233 1530 2281 atque
1556 2241 1629 2265 ora
1653 2233 1804 2281 portuS.

1094 2343 1169 2361 rum
1188 2337 1301 2361 utrum
1320 2337 1405 2362 esset
1421 2331 1490 2374 ch,
1510 2332 1605 2375 Lips.
1625 2334 1764 2375 probM.
1786 2349 1930 2377 puerum
1950 2350 1980 2368 u.

1094 2399 1197 2418 essem
1214 2387 1360 2429 Popula.
1379 2400 1423 2418 an
1442 2386 1546 2428 μόνον
1568 2387 1683 2431 ἒριόσας
1705 2391 1774 2435 ch,
1788 2393 1878 2436 Lips.
1893 2394 1982 2436 Pop-

1096 2455 1161 2478 ma,
1185 2443 1326 2485 probM.
1352 2445 1522 2476 exercitas
1543 2446 1620 2477 edd.
1638 2452 1777 2490 practer
1796 2450 1906 2491 princ.
1927 2462 1988 2480 au-

1094 2505 1214 2530 ctorem
1229 2500 1292 2531 W.
1311 2500 1462 2544 Isirslilio
1479 2513 1513 2543 p.
1527 2499 1620 2538 297,
1645 2501 1708 2535 10.
1728 2503 1820 2539 591,
1836 2505 1874 2537 5.
1889 2504 1984 2545 405,

1097 2553 1160 2586 25.
1180 2554 1271 2591 407,
1297 2554 1356 2586 15.
1385 2568 1455 2587 esse
1476 2556 1638 2590 hominem
1660 2565 1790 2601 oportet
1811 2558 1860 2602 (p.
1874 2557 1984 2597 459.)

1098 2609 1227 2653 chips.
1268 2622 1339 2642 esse
1362 2610 1421 2642 Ιιοσ
1446 2624 1580 2644 nmnerc
1609 2625 1662 2658 op.
1695 2615 1876 2659 chopma.
1902 2629 1985 2654 esse,

1099 2672 1129 2698 te
1148 2666 1207 2698 hoc
1226 2666 1369 2710 cjssoth.
1398 2667 1562 2700 Contudit
1582 2668 1656 2702 AJ.
1683 2669 1846 2703 Condidit
1866 2673 1913 2706 M.
1927 2674 1987 2706 sed

1099 2722 1140 2754 de
1163 2722 1255 2766 facie
1278 2726 1356 2755 ante
1372 2725 1418 2759 M,
1438 2725 1539 2756 etiam
1560 2725 1595 2756 in
1617 2726 1646 2757 L
1662 2726 1721 2757 sed
1737 2738 1908 2770 superscr.
1926 2731 1987 2762 lib.

1100 2781 1123 2812 i.
1149 2791 1184 2821 p.
1210 2778 1301 2816 440,
1328 2778 1388 2812 19.
1415 2781 1476 2813 lib.
1507 2782 1568 2812 xii.
1598 2794 1631 2824 p.
1657 2781 1750 2820 440,
1776 2782 1842 2817 20.
1882 2787 1987 2820 reim

1103 2847 1194 2865 mnne
1217 2834 1333 2867 1480.
1350 2836 1422 2868 AJ.
1449 2838 1508 2867 lib.
1533 2839 1586 2868 iii.
1613 2851 1641 2880 p.
1660 2837 1748 2872 455.
1772 2838 1807 2871 2.
1826 2842 1872 2871 Jl.
1896 2841 1986 2873 Tull.

1107 2891 1146 2920 dt·
1170 2892 1206 2922 S.
1229 2893 1261 2921 in
1286 2894 1327 2922 Γ.
1347 2904 1413 2925 om.
1439 2895 1500 2924 W.
1523 2907 1551 2935 p.
1571 2894 1661 2929 257,
1681 2895 1747 2927 52.
1769 2897 1905 2927 adid-'in
1923 2898 1988 2927 W.
