2174 3267
273 142 332 180 58
930 135 969 175 N
972 135 1049 174 ΟΝ
1052 134 1141 174 IUS
1169 133 1504 174 MARCELLUS

273 249 402 300 gidins
411 248 577 297 Figulus
589 247 686 283 dicit
696 246 875 285 bidental
886 247 1034 292 vocari,
1048 247 1154 298 quod

272 318 385 355 himae
413 316 587 368 pecudes
614 316 869 354 inmolcntur.

325 386 467 423 lucem
506 385 793 436 proprietatem
817 385 944 422 Varro
973 382 1156 433 designat

276 463 321 492 30
340 454 388 491 de
408 453 469 491 Re
493 455 639 492 rustica
662 455 811 506 primo:
841 455 883 491 in
904 465 999 505 aqro
1015 452 1155 490 Roma-

272 536 320 559 no
349 536 395 560 ac
419 523 584 569 Latino,
620 524 780 576 ‘in-qeris.
832 524 963 575 ἰιιφιηι
1004 528 1157 563 vocant,

273 594 377 647 quod
392 594 514 630 iuncti
523 593 631 630 boves
647 607 724 630 nno
738 592 799 630 die
816 605 983 630 exarare
991 593 1154 645 possint.

325 662 473 699 Fames
503 662 551 700 ab
577 677 623 700 eo
646 663 793 700 dictum
814 667 890 707 est,
908 662 1017 713 quod
1039 674 1156 711 pecu-

273 728 329 783 (p.
343 728 434 778 54.)
452 733 553 769 niam
568 733 696 783 pariat
710 731 948 769 increscenti
962 735 1158 780 tempore.

273 801 385 853 quasi
408 803 513 839 setus
552 806 618 839 aut
646 802 786 839 fetura.
833 800 931 837 Nam
955 803 995 836 et
1019 797 1158 836 Graece

271 862 394 917 τόκος
428 872 572 908 dicitur
611 861 701 908 circo*
735 865 814 907 τοῦ
840 864 1009 915 τίκτειν,
1052 868 1159 920 quod

273 945 334 978 cst
357 954 510 992 parcre.
562 940 689 977 Varro
719 939 822 977 libro
848 939 903 976 iii.
939 939 988 976 de
1014 936 1158 975 Latino

274 1024 481 1047 sermone:
508 1009 651 1061 faenus
675 1014 807 1046 autem
833 1010 978 1045 dictum
1005 1021 1030 1044 a
1061 1007 1159 1058 fetu,

273 1085 311 1116 et
350 1079 466 1133 qnasi
505 1078 676 1130 feturam
718 1078 916 1133 quandam
955 1078 1157 1131 pecuniae.

274 1149 375 1187 Nam
405 1153 445 1186 et
475 1149 667 1186 Catonem
709 1152 749 1184 et
783 1152 936 1184 eeteros
963 1147 1159 1198 antiquio-

273 1233 339 1257 res
357 1219 440 1256 sine
457 1233 477 1256 a
493 1219 627 1256 littera
644 1218 758 1255 fenus
770 1217 1047 1268 pronuntiasse
1066 1230 1159 1254 con-

274 1288 422 1333 tendit,
452 1293 494 1325 ut
521 1288 625 1325 fetus
656 1291 696 1324 et
725 1286 960 1324 fecunditas.

325 1357 608 1395 RECEPTICIUM
642 1370 796 1394 servum
827 1355 985 1407 quidam
1030 1354 1078 1391 ab
1115 1368 1160 1392 ea

279 1434 322 1464 10
354 1427 602 1478 proprietate
647 1425 793 1462 dietum
834 1425 995 1469 volunt,
1044 1428 1088 1460 ut
1128 1424 1160 1460 si

274 1510 443 1548 nequam
483 1499 522 1532 ct
558 1494 656 1532 nihil
692 1495 765 1540 sit,
810 1494 878 1546 qui
913 1494 1159 1531 venundatus

275 1565 326 1603 ob
371 1565 533 1617 aliquod
569 1564 706 1604 vitium
744 1568 812 1601 aut
861 1563 1108 1600 malefactum
1139 1577 1160 1599 a

275 1635 512 1672 distractorc
547 1634 772 1684 recipiatur.
831 1633 912 1670 Sed
944 1646 1035 1670 vera
1074 1632 1158 1669 haec

275 1710 336 1742 cst
359 1705 442 1741 eius
471 1704 639 1741 nominis
668 1702 961 1753 interpretatio,
984 1715 1100 1753 quem
1119 1702 1158 1737 in

275 1774 367 1811 data
387 1774 482 1811 dote
508 1777 574 1810 aut
593 1773 809 1810 donatione
831 1772 918 1823 quis
939 1771 1158 1820 exceperit,

276 1843 384 1895 quod
430 1847 490 1881 est
527 1842 690 1894 proprie
736 1841 947 1892 receperit.
992 1841 1158 1878 Plautus

276 1912 532 1950 Trinummo:
559 1911 789 1964 posticulum
806 1911 877 1948 hoc
894 1911 1052 1964 recepit,
1075 1924 1160 1947 cum

275 1983 386 2021 aedis
405 1982 596 2020 vendidit.
629 1981 752 2019 Cato:
773 1981 911 2017 mulier
925 1986 962 2017 et
979 1994 1159 2032 maynam

277 2053 400 2090 dotem
419 2053 503 2095 dat,
521 2057 557 2088 et
577 2063 757 2103 inaquam
773 2051 979 2103 pecuniam
997 2052 1158 2089 retinet:

323 2144 415 2176 Gell.
445 2142 507 2175 16.
533 2142 569 2175 G.
597 2141 633 2173 2.

320 2202 357 2232 in
381 2201 447 2231 VV.
472 2201 513 2231 L.
549 2198 656 2243 Apud
681 2211 739 2229 nos
764 2199 801 2229 in
824 2210 907 2241 affro
940 2197 985 2229 Α.
1027 2199 1160 2231 Foenus

320 2258 367 2288 A.
379 2258 447 2289 W.
471 2268 515 2287 m.
534 2254 572 2287 2.
611 2255 747 2286 Faenus
773 2255 813 2286 L.
839 2254 1008 2287 esi-‚GelL
1026 2254 1161 2288 1612.

279 2325 356 2356 pag.
383 2311 447 2343 54.
480 2312 671 2356 insequenti
697 2311 796 2354 Vulg.
828 2311 1103 2354 fetus—fetura
1120 2332 1154 2337 —-

318 2368 421 2411 fenus
446 2368 485 2399 L.
500 2379 544 2398 m.
567 2367 601 2398 1.
646 2366 761 2410 foetus
779 2367 965 2410 ——f'oetura
984 2388 1016 2391 —
1035 2368 1159 2411 foenus

323 2426 388 2459 VV.
413 2425 460 2455 A.
486 2424 526 2454 L.
551 2435 595 2454 m.
616 2422 653 2454 2.
675 2423 826 2466 feturam
850 2423 891 2455 L.
915 2423 1088 2466 foeturam
1113 2423 1158 2456 A.

325 2479 497 2524 quandam
522 2479 588 2509 XV.
604 2479 643 2509 L.
658 2479 703 2510 A.
732 2478 851 2521 fetura
876 2478 1022 2522 quadam
1048 2479 1158 2523 Vulg.

322 2548 342 2567 a
368 2535 490 2580 MSS.
508 2534 555 2566 M.
581 2535 644 2567 VV-
671 2534 784 2567 Codd.
811 2533 918 2566 Gellii
947 2534 1010 2567 16.
1039 2535 1099 2567 12.
1138 2547 1159 2566 α

324 2602 389 2622 om.
417 2592 456 2623 L.
483 2603 500 2621 o
526 2590 643 2622 littera
671 2590 718 2621 A.
744 2590 780 2622 J.
819 2600 850 2624 ιο
867 2592 1081 2635 recepticium
1094 2593 1159 2623 W.

324 2648 365 2678 L.
404 2647 469 2678 cfr.
495 2645 586 2677 Gell.
616 2645 678 2677 17.
705 2645 748 2683 (ἷ;
786 2646 848 2678 17.
875 2646 941 2679 27.
981 2648 1070 2680 nihil
1095 2649 1157 2679 W.

323 2703 363 2734 L.
388 2702 434 2735 A.
460 2701 564 2733 m’ln‘li
587 2702 622 2733 J.
651 2702 758 2744 Vulg.
782 2702 986 2736 {listractore
1010 2704 1156 2745 WV.mg.

324 2759 357 2790 J.
392 2758 589 2790 districtore
613 2759 652 2788 L.
690 2759 730 2789 ab
754 2760 870 2803 aliquo
895 2760 1090 2792 districtore
1113 2760 1157 2792 Α.

325 2814 360 2845 J.
387 2815 647 2857 interpraetatio
672 2815 710 2845 L.
738 2816 883 2847 trinumo
906 2818 951 2848 A.
979 2815 1069 2848 Gell.
1097 2816 1156 2849 17.

327 2869 363 2902 6.
390 2870 452 2901 csr.
480 2882 513 2912 p.
541 2869 630 2902 584.
655 2869 716 2902 10.
743 2870 814 2903 edis
829 2873 893 2904 ΨΥ.
921 2872 1007 2905 ediis
1021 2873 1060 2906 L·
1088 2873 1158 2904 viro

668 2142 784 2174 vocari
812 2153 878 2173 om.
903 2140 949 2173 A.
990 2152 1025 2176 30
1046 2144 1160 2186 prima

1218 259 1266 283 cx
1296 260 1339 284 ca
1367 247 1488 297 igitur
1515 258 1558 282 re
1584 243 1787 288 familiari,
1829 256 1876 280 cx
1915 255 1990 293 qua
2019 241 2093 279 sibi

1219 316 1312 353 dote
1342 316 1432 353 data
1460 314 1635 360 retinuit,
1662 313 1867 365 pecuniam
1888 306 1989 359 [viro
2013 326 2094 349 mu-

1219 389 1323 421 tuam
1345 385 1439 430 dat3
1468 398 1551 421 cam
1582 378 1803 434 pecuniam]
1839 398 1860 420 a
1885 383 1968 421 viro
1995 382 2096 419 sorte

1220 453 1317 491 irata
1345 457 1527 504 repetere
1556 453 1747 498 instituit3
1787 453 1953 503 adponit
1987 452 2022 489 ei
2049 459 2094 488 20

1221 522 1480 573 flagitatorem
1508 524 1768 576 recepticium,
1806 521 1881 559 hoc
1919 526 1980 559 est
2005 533 2097 572 pro-

1222 592 1363 643 prium,
1391 605 1514 637 suum,
1543 607 1658 644 quem
1680 592 1832 643 reliqua
1850 591 2017 642 pecunia
2036 603 2097 627 re-

1222 666 1396 712 ceperat,
1417 676 1489 699 nec
1509 662 1670 700 dederat
1683 661 1782 706 doti,
1800 665 1861 698 set
1874 664 2098 710 exceperat.

1222 730 1364 769 Cicero
1392 731 1441 769 de
1461 731 1632 770 Oratore
1664 731 1732 768 lib.
1749 732 1795 768 ii:
1825 730 1896 767 sed
1913 730 2024 773 dicis,
2048 733 2099 772 te,

1221 814 1307 838 cum
1332 802 1441 839 aedis
1463 803 1663 845 venderes,
1684 815 1733 838 ne
1762 802 1803 838 in,
1823 802 1921 837 νιιΐίε
1946 799 2100 853 quidem

1223 872 1329 908 cccxix
1354 871 1489 908 solium
1516 870 1587 907 tibi
1608 876 1818 923 paternum
1844 869 2044 921 recepisse.

1276 939 1504 985 SITICINES‚
1544 944 1588 976 ut
1624 939 1794 976 liticines
1832 954 1853 976 a
1891 938 2014 983 lituo,
2056 942 2101 974 ut

1228 1008 1422 1046 tubicines
1447 1024 1467 1046 a
1490 1008 1598 1054 tuba3
1626 1009 1681 1045 ita
1707 1008 1898 1053 siticincs‚
1925 1008 1991 1059 qui
2009 1011 2103 1058 aput

1223 1080 1424 1117 funeratos
1461 1078 1523 1116 vel
1557 1079 1635 1115 vita
1662 1079 1817 1115 functos
1838 1082 1877 1115 et
1906 1076 2099 1128 sepultos,

1223 1148 1299 1186 hoe
1331 1154 1391 1186 est
1420 1149 1495 1185 iam
1528 1148 1644 1193 sitos,
1677 1161 1817 1185 canere
1848 1146 1954 1184 soliti
1990 1150 2102 1184 erant

1225 1218 1386 1255 honoris
1413 1231 1526 1255 causa
1546 1222 1682 1254 cantus
1709 1217 1982 1254 lamentabilie
2011 1216 2100 1253 Hoc

1224 1288 1264 1324 in
1282 1287 1395 1325 libris
1414 1287 1692 1324 Coniectaneis
1716 1286 1809 1323 Atei
1825 1286 2031 1336 Capitonis
2050 1294 2095 1322 30

1224 1357 1438 1401 invenitur,
1468 1361 1509 1393 ct
1535 1355 1635 1393 Cato
1660 1356 1700 1393 id
1728 1355 1960 1393 vocabulum
1988 1354 2100 1392 indu-

1223 1425 1398 1464 bitanter
1426 1426 1620 1476 apposuit.

1276 1495 1490 1532 IUMENTL'M
1511 1510 1531 1531 a
1552 1495 1752 1546 iungendo
1776 1499 1932 1532 veteres
1955 1494 2101 1531 dictum

1224 1569 1387 1615 putant,
1418 1563 1454 1601 G
1477 1565 1609 1602 littera
1632 1565 1672 1601 in
1694 1578 1740 1602 co
1767 1565 1922 1602 nomine
1945 1564 2101 1601 adtrita.

1224 1634 1322 1671 Nam
1344 1639 1383 1671 et
1397 1634 1644 1671 vectabulum
1659 1634 1811 1679 dieunt,
1826 1634 1932 1686 quod
1945 1628 2101 1685 (p.55.)

1225 1717 1327 1740 nunc
1355 1703 1577 1741 vehiculum
1605 1703 1763 1740 dieitur.

1278 1772 1447 1809 ARCERA
1472 1773 1691 1824 plaustrum
1726 1777 1787 1810 est
1820 1773 2008 1810 rusticum
2042 1777 2102 1810 te-

1224 1847 1329 1880 ctum
1353 1843 1530 1895 undique
1555 1843 1666 1895 quasi
1689 1857 1790 1881 area.
1819 1842 1910 1881 Hoc
1932 1842 2101 1880 vocabu-

1222 1912 1303 1950 lum
1330 1916 1370 1949 et
1390 1918 1485 1965 aput
1508 1913 1726 1950 Varronem
1752 1917 1792 1950 et
1813 1916 1910 1963 aput
1924 1912 2101 1950 Marcum

1225 1983 1403 2021 Tullium
1423 1983 1631 2020 invenitur.
1664 1982 1755 2020 Hoc
1778 1987 1907 2020 autem
1929 1982 2100 2019 vehiculi

1225 2066 1370 2103 genere
1396 2066 1508 2089 senes
1543 2056 1583 2089 et
1613 2051 1750 2102 aegroti
1785 2052 1931 2089 vectari
1957 2051 2099 2088 solent.

1271 2150 1421 2175 mutuam
1445 2143 1528 2179 dat;
1559 2155 1630 2174 enm
1656 2144 1854 2187 pecuniam.
1880 2143 1971 2186 quod
1994 2141 2099 2184 vulgo

1268 2200 1513 2242 interpositum
1539 2204 1592 2232 est
1616 2211 1683 2231 om.
1708 2199 1814 2230 MSS.
1840 2199 1886 2230 M.
1912 2198 2098 2230 1V L A.

1267 2266 1303 2289 20
1323 2257 1501 2300 proprium
1532 2268 1630 2287 sumn
1664 2268 1758 2300 quem
1791 2257 1856 2288 W.
1882 2256 1922 2286 L.
1967 2267 2100 2286 servum

1268 2311 1314 2343 A.
1339 2312 1388 2343 M.
1423 2324 1517 2356 quem
1543 2324 1619 2343 cuin
1641 2313 1774 2355 reliqna
1799 2311 1842 2355 ej.
1866 2313 1916 2343 M.
1955 2311 2044 2343 dicis
2070 2316 2101 2341 te

1269 2369 1336 2399 w.
1362 2369 1400 2399 L.
1419 2369 1465 2399 A.
1492 2368 1558 2399 cfr.
1585 2380 1619 2411 p.
1641 2366 1790 2404 164.9;
1816 2366 1986 2399 53415.
2010 2358 2109 2397 dices

1268 2424 1387 2466 vulgo.
1407 2424 1540 2468 quidem
1556 2430 1586 2455 ct
1605 2425 1712 2455 caesis
1727 2425 1821 2455 obum
1846 2424 1910 2454 VV.
1925 2423 1967 2454 L.
1991 2424 2098 2454 solum

1266 2481 1311 2511 A.
1337 2481 1490 2512 siticines
1516 2480 1608 2512 Gell.
1635 2480 1699 2512 20.
1725 2479 1759 2511 2.
1791 2485 1874 2523 aput
1900 2480 1939 2510 L.
1977 2479 2100 2509 Attaei

1268 2537 1314 2568 A.
1346 2537 1444 2567 Attee’
1475 2537 1511 2569 J.
1550 2550 1571 2568 a
1595 2536 1765 2581 innyendo
1797 2536 1863 2567 alie?
1894 2548 1915 2566 a
1947 2534 2097 2579 inflando

1265 2603 1333 2634 mg.
1359 2593 1426 2623 IV.
1453 2593 1518 2625 cfr.
1543 2592 1634 2625 Gell.
1661 2592 1724 2624 20.
1755 2591 1787 2623 1.
1829 2590 1859 2622 G
1879 2591 1996 2622 littera
2032 2592 2096 2623 W.

1266 2647 1307 2679 L.
1340 2649 1479 2691 ylitera
1503 2651 1550 2681 A.

1223 2714 1300 2746 pag.
1327 2703 1390 2735 55.
1428 2705 1560 2736 Arcera
1596 2705 1659 2735 cfr.
1697 2703 1786 2735 Gell.
1811 2715 1865 2734 xx.
1900 2703 1931 2735 1.
1973 2704 2004 2734 si
2033 2715 2099 2735 nim

1267 2770 1300 2790 υ.
1337 2769 1399 2789 non
1441 2764 1603 2790 sterneret
1648 2770 1713 2789 om.
1747 2759 1897 2801 Popula,
1940 2769 2016 2790 cnm
2053 2759 2096 2790 ad

1267 2815 1354 2857 legg.
1381 2816 1438 2846 xii.
1465 2815 1575 2846 Tabb.
1612 2817 1818 2858 pertineant.
1860 2826 1933 2846 cum
1964 2826 2093 2846 isaacem

1275 2872 1304 2903 .ςὶ
1347 2884 1408 2903 mm
1457 2872 1493 2904 L.
1548 2871 1698 2904 vehiculo
1744 2882 1808 2904 om.
1851 2872 1927 2905 MS-
1966 2871 2093 2905 Ursini.
