2174 3267
201 122 294 162 560
305 172 308 182 ι

200 229 257 284 (p.
271 227 392 275 526.)
422 228 465 265 di
484 227 576 278 licit.
609 225 722 264 Idem
743 225 912 264 Hatera:
945 239 1014 264 rus
1035 228 1091 265 ad

198 302 285 339 illas
311 299 525 350 comniyrat
538 311 552 340 ς
586 295 822 334 Habitamas
849 296 1008 334 hiemem
1032 302 1088 334 to-

198 377 278 408 tam
309 382 394 406 enm
421 366 668 405 muliere-ulis.
705 366 816 418 Virg.
845 364 996 417 Georg.
1018 366 1089 404 lib.

198 453 279 478 nu:
309 444 452 490 septem
478 437 563 474 illos
594 442 693 474 totos
716 435 923 490 perhibent
951 449 998 473 ex
1028 450 1089 474 or-

755 506 899 545 Cicero
942 506 993 544 de
1024 505 1087 545 Re

197 578 358 630 publiea
377 578 446 615 lib.
464 591 495 614 1:
526 590 596 614 nee
618 582 771 614 tantum
791 575 991 628 Carthago
1015 577 1086 614 Ιιιι-

198 510 289 547 dine
329 521 478 546 menses
510 507 695 544 Flevisse.

196 649 340 686 buissel
371 662 484 700 opum
516 652 707 684 sescentos
739 645 826 697 fere
856 659 979 684 ιωιηοε
1004 648 1087 684 sine

195 719 367 757 comdiis
401 723 438 755 et
467 717 689 770 disciplina.
721 716 834 754 Idem
862 716 911 754 de
931 716 992 755 Re
1013 731 1085 768 pu-

194 788 300 826 bliea
325 788 394 826 lib.
415 802 462 825 11:
493 788 627 841 itaque
656 787 725 824 illa
754 786 967 839 praeclara
996 800 1085 824 con-

193 859 342 896 stitutio
365 858 543 901 Romuli,
571 871 656 894 cnm
681 857 868 894 ducentos
891 870 1018 894 (ιηηος
1048 863 1085 894 et

201 936 243 966 10
269 942 335 965 xx.
357 927 442 976 fere
467 926 585 978 [irum
608 927 826 965 mansisset.
869 927 1084 965 Sallustius

196 999 302 1036 Hist.
331 998 399 1036 lib.
423 1013 454 1036 1:
496 1004 534 1036 et
566 998 778 1051 Diponem,
813 998 984 1035 validam
1017 1011 1084 1034 ur-

193 1067 300 1113 bem,
336 1069 474 1106 multos
496 1069 581 1106 dies
609 1074 839 1113 restantem,
866 1068 1083 1121 puynando

194 1140 299 1177 vicit.
345 1140 523 1178 Lucilius
552 1139 621 1177 lib.
643 1154 758 1177 xxvi:
799 1141 870 1192 qni
889 1152 957 1176 sex
980 1152 1084 1176 men-

194 1223 256 1247 ses
282 1211 401 1248 vitam
427 1210 591 1255 deceant,
621 1209 724 1248 Orco
747 1210 940 1261 spondent
964 1209 1081 1262 septi-

194 1295 311 1319 naum.

246 1350 382 1390 Dubio
420 1350 553 1401 potius
597 1364 712 1401 quam
746 1349 896 1387 difficili
923 1348 1080 1386 intelle-

194 1426 261 1459 ctu
293 1425 404 1458 vates
428 1419 562 1470 posuit
586 1419 846 1456 Mantuanus:
878 1419 949 1455 sed
972 1419 1082 1456 mise-

192 1504 242 1528 ra
266 1496 360 1527 ante
388 1489 488 1526 diem
513 1488 715 1542 subitoque
733 1500 899 1525 accensa
921 1487 1082 1539 ficret-e,⁴

193 1575 281 1598 eum
314 1559 403 1597 huie
438 1559 657 1597 sententiae
692 1558 923 1596 adversetur
947 1572 1082 1595 versus

195 1638 242 1670 20
280 1631 387 1676 eius,
429 1645 516 1668 eum
553 1629 743 1681 opinione
779 1629 956 1666 sentiens
993 1629 1081 1680 plu-

192 1701 398 1739 rimorum:
426 1699 592 1751 fortuna
616 1700 868 1752 omnipotens,
897 1704 935 1735 et
958 1698 1081 1736 inelu-

192 1770 329 1809 ctahile
353 1769 494 1818 fatum.
526 1768 675 1806 Verum
700 1768 975 1805 sensibilitatis
998 1769 1082 1806 eius

192 1855 273 1879 non
307 1841 407 1879 levis
441 1839 542 1878 ratio
576 1844 660 1883 est,
715 1853 815 1891 quae
843 1838 968 1890 prima
997 1852 1084 1876 sen-

194 1912 316 1949 tentia
344 1909 623 1963 philosophica
648 1910 793 1961 aeeipit
820 1909 1084 1954 intellectum,

191 1997 292 2034 quae
335 1982 407 2019 ait:
472 1982 536 2019 sni
567 1981 706 2035 cuique
744 1992 868 2017 mores
902 1977 1081 2029 fissfflmt,

191 2052 444 2103 omnipotens
475 2052 630 2088 fortuna
658 2063 746 2087 esse
776 2048 940 2094 desivit3
971 2048 1081 2100 quod

192 2121 406 2158 Sallustius
430 2120 543 2157 mire:
571 2118 736 2170 fortuna
760 2118 874 2155 simul
897 2132 981 2156 cum
1001 2130 1079 2154 mo-

191 2190 299 2229 ribus
328 2192 559 2227 ἱηηιιιίαίιιν.
598 2189 659 2226 Ae
684 2202 755 2240 per
776 2188 851 2226 hoe
877 2202 926 2225 ex
956 2202 1001 2226 ea
1026 2187 1076 2225 si-

190 2260 413 2299 militudine
444 2259 519 2296 iam
548 2260 670 2297 fatum
699 2258 956 2296 ineluctabile
990 2271 1076 2295 esse

191 2345 271 2369 non
297 2330 462 2382 poterit,
498 2330 606 2381 quod
629 2343 679 2366 ex
705 2343 779 2366 una
806 2342 921 2366 eausa
950 2329 1076 2366 fortu-

191 2422 241 2469 (p.
255 2418 364 2460 526.)
377 2422 470 2459 484,
486 2421 551 2455 28.
570 2423 684 2467 Aegre
705 2422 742 2454 id
757 2423 837 2467 pati
850 2422 914 2454 JM
955 2427 1079 2463 sepiem

189 2482 292 2514 illum
317 2478 436 2512 1480.
454 2480 501 2512 Μ.
528 2484 691 2510 sescentos
710 2479 778 2509 XV.
793 2484 826 2509 et
846 2489 932 2509 xxx.
958 2476 1078 2510 1480.

193 2548 227 2573 ιο
244 2536 317 2569 AJ.
346 2542 380 2568 et
406 2547 518 2566 xxxx.
545 2534 662 2578 chai.
699 2541 731 2566 et
755 2535 912 2580 «ligonem
935 2533 1021 2566 msJ.
1046 2538 1079 2564 et

189 2593 355 2633 deponere
378 2597 458 2625 ante
489 2590 609 2624 1526.
639 2597 671 2623 et
696 2603 819 2636 ponere
841 2589 962 2624 1526.
985 2590 1021 2623 J·
1047 2595 1079 2621 et

191 2649 383 2693 Hipponem
417 2648 474 2681 vel
507 2648 665 2679 Vizonem
699 2647 875 2690 chutseh.
912 2654 945 2679 et
975 2646 1078 2689 01313-

190 2706 339 2749 siponem
351 2705 421 2748 ch.
440 2710 473 2736 et
490 2704 674 2747 Tiyenutaaett
695 2702 846 2747 choler.
866 2704 1024 2735 Lucilius
1038 2715 1073 2746 p.

192 2761 287 2799 285,
304 2760 369 2794 25.
389 2761 448 2793 sed
472 2761 560 2793 mira
572 2760 638 2793 W.
661 2772 755 2804 quem
776 2760 856 2793 hnic
869 2761 908 2792 L.
927 2759 989 2804 qui
1003 2759 1075 2803 pri-

193 2830 228 2854 20
250 2830 304 2850 ma
327 2819 439 2862 princ.
463 2818 546 2862 quia
565 2817 597 2849 ,ςί
622 2817 735 2860 prima
763 2815 901 2859 choth.
929 2816 986 2848 sui
1002 2826 1075 2847 earn

192 2875 314 2918 cuique
331 2872 447 2906 1480.
462 2885 567 2906 mores
587 2872 758 2911 fortunam
777 2871 909 2915 linqunt
926 2872 997 2905 JM.
1014 2869 1073 2913 fin-

844 117 880 157 N
883 116 1055 158 ONIUS
1083 118 1418 160 MARCELLUS

1156 243 1203 266 na
1232 228 1326 268 ferri
1354 228 1534 269 videatur
1559 235 1599 269 et
1625 232 1757 269 fatum.
1810 231 1955 270 Potest
1980 237 2036 270 et-

1155 298 1230 336 iam
1259 299 1380 337 fatum
1400 312 1549 338 morum
1579 301 1842 340 mutabilitate
1866 316 1959 340 eon·
1989 311 2035 341 30

1155 370 1276 415 verti,
1304 374 1349 407 ut
1375 383 1423 407 ex
1451 369 1513 407 his
1537 375 1605 409 aut
1627 373 1749 418 celer,
1778 378 1845 410 aut
1868 372 2037 418 tardum,

1155 443 1223 477 aut
1247 439 1393 477 bonum
1421 440 1503 485 fiat,
1533 446 1599 479 aut
1622 444 1843 494 pessimum.
1883 443 2038 481 Accen-

1154 521 1195 546 sa
1223 510 1325 546 enim
1354 510 1487 548 surore
1504 509 1626 556 Dido,
1655 513 1796 550 amoris
1818 513 1953 566 iniqua
1982 513 2037 551 vi-

1155 579 1319 625 olentia,
1345 575 1446 631 (qui.
1478 585 1522 618 ut
1547 580 1634 631 ipse
1661 581 1732 618 ait:
1768 584 1896 620 omnia
1922 584 2040 620 vineit

1154 643 1287 693 amor)
1317 653 1408 686 ante
1439 649 1543 687 diem
1576 651 1717 688 merito
1749 651 1907 689 videtur
1935 653 2039 690 oeci-

1153 718 1260 756 dere.
1282 718 1403 767 Quod
1428 721 1545 757 etiam
1557 720 1725 759 Homeri
1746 721 1829 758 eius
1847 720 1903 773 (p.
1920 719 2038 766 527.)

1152 788 1259 825 modi
1289 793 1372 835 est,
1395 786 1529 841 (quem
1549 790 1744 841 Virgilius
1771 795 1906 828 noster
1932 791 2040 829 omni

1152 857 1415 896 aemulatione
1453 855 1665 906 sectam->2
1692 870 1816 914 φεσιν
1845 852 2039 900 ἆτασθα-

1150 921 1278 965 Mean)
1301 920 1410 981 ὒπὲρ
1427 921 1563 981 μόρον
1583 921 1707 968 &tvae
1729 923 1904 979 ἔχουσιν,
1932 931 2040 983 quod

1152 1002 1212 1034 est
1241 988 1348 1051 ὑπὲρ
1381 989 1517 1051 μόρον
1547 999 1650 1037 ultra
1676 1000 1901 1037 decretum:
1932 1001 2041 1052 quod

1151 1068 1184 1105 si
1224 1068 1446 1106 admittitur
1475 1073 1520 1106 ut
1552 1068 1724 1106 ulterius
1758 1070 2039 1122 protendatur,

1150 1138 1335 1190 quoniam
1378 1138 1420 1175 id
1465 1152 1513 1176 ex
1555 1138 1730 1177 moribus
1774 1140 1921 1178 factum
1965 1145 2039 1187 est,

1151 1205 1283 1260 (quod
1315 1208 1510 1259 signifieat
1537 1218 1691 1263 σφεσιν
1719 1201 2038 1257 ἆτασθαλίεσιν)

1149 1278 1359 1316 admittere
1394 1278 1578 1329 poteritis
1604 1279 1654 1317 de
1683 1279 1858 1317 moribus
1891 1293 2037 1331 prope-

1147 1353 1272 1385 ratam
1305 1348 1420 1385 etiam
1460 1348 1531 1385 fati
1563 1348 1831 1395 celeritatem,
1865 1354 1908 1387 ut
1934 1350 2037 1388 intra

1149 1418 1253 1455 diem
1281 1418 1411 1469 possit
1441 1417 1619 1464 admitti,
1654 1419 1839 1470 quoniam
1867 1420 2036 1472 recepit,

1147 1492 1192 1524 ut
1221 1487 1420 1524 Homerus
1453 1487 1521 1532 ait,
1557 1488 1869 1538 magnitudinem
1900 1489 1959 1527 ul-
1990 1497 2033 1528 10

1147 1562 1208 1595 tra
1242 1558 1319 1594 vim
1350 1557 1432 1594 fati.

1198 1626 1481 1664 INPOTENTIAM
1509 1626 1626 1664 etiam
1656 1627 1875 1679 potentiam
1900 1633 2034 1666 aueto-

1145 1698 1242 1736 ritas
1270 1697 1396 1734 dedit.
1441 1697 1610 1735 Sisenna
1637 1697 1743 1736 Hist.
1762 1698 1831 1736 lib.
1852 1711 1920 1735 111:
1947 1698 2034 1736 snb-

1145 1769 1247 1805 latus
1294 1768 1447 1805 laetitia
1476 1768 1618 1813 nimia,
1669 1774 1789 1823 atque
1818 1768 2035 1817 inpotentia

1146 1844 1342 1876 conmotus
1370 1838 1504 1875 animi.

1199 1908 1428 1946 Invenimus
1459 1911 1499 1945 et
1530 1908 1570 1945 in
1593 1907 1776 1946 Varrone
1806 1907 1941 1946 multis
1966 1923 2033 1946 an-

1145 1978 1205 2015 nis
1236 1978 1434 2016 continuis
1461 1978 1560 2024 diei,
1593 1974 1693 2030 περὶ
1731 1970 2031 2032 τετανηκότωνε

1144 2049 1253 2085 caius
1286 2047 1353 2085 ubi
1383 2049 1499 2084 annis
1524 2047 1655 2085 multis
1683 2048 1848 2085 masculi
1876 2049 2032 2100 vestiqi-

1143 2133 1207 2156 um
1237 2119 1434 2155 inventum
1463 2123 1534 2155 est.

1196 2188 1317 2226 DoNA
1360 2185 1649 2225 consuetudine
1681 2185 1779 2224 haec
1821 2184 2030 2233 hahentur,

1145 2272 1244 2310 quae
1272 2262 1338 2295 aut
1375 2257 1642 2309 propitiandis
1675 2255 1750 2293 diis
1787 2255 1931 2293 dantur
1964 2261 2032 2294 aut

1143 2327 1367 2365 hominihus
1409 2342 1483 2379 pro
1528 2326 1749 2365 benefactis
1786 2325 2029 2373 redduntur,

1143 2427 1231 2466 glum
1255 2430 1301 2453 sc.
1328 2418 1503 2461 fortunam
1522 2420 1712 2453 hominibus
1727 2418 1856 2462 choth
1882 2431 1899 2451 e
1921 2418 2027 2453 Corn.

1144 2477 1233 2520 Nep.
1244 2478 1317 2508 vita
1327 2476 1407 2509 Att.
1426 2476 1486 2513 Η,
1497 2474 1532 2508 6.
1545 2476 1673 2508 desinit
1686 2475 1766 2507 edd.
1779 2487 1851 2506 eam
1864 2472 2028 2515 sananda,

1144 2534 1255 2577 princ.
1277 2532 1354 2575 fieri
1367 2533 1527 2565 videatur·
1539 2532 1676 2565 anteM.
1690 2537 1820 2575 postest
1839 2532 1942 2563 etiam
1959 2533 2026 2564 W.

1145 2591 1249 2622 celere
1261 2593 1340 2621 ante
1352 2590 1402 2621 M.
1417 2590 1498 2632 quia
1512 2594 1549 2619 ut
1567 2589 1639 2630 ipse
1651 2586 1770 2620 1480.
1782 2587 1853 2620 AJ.
1868 2588 1979 2619 omnia
1990 2597 2026 2622 30

1144 2657 1178 2688 p.
1197 2644 1300 2683 446,
1312 2643 1349 2677 G.
1374 2648 1491 2686 σφῇσιν
1514 2641 1743 2683 ἀτασθαλίῃσιν
1757 2639 1840 2680 (bis)
1856 2639 1902 2688 (p.
1918 2638 2025 2678 527.)

1140 2726 1147 2733 .
1165 2724 1172 2733 .
1194 2697 1283 2742 ἄλγε’
1310 2700 1440 2744 ἔχουσιν
1465 2699 1573 2733 AJM.
1599 2699 1721 2744 Impot.
1745 2700 1833 2732 enim
1852 2699 1965 2742 pot.L
1993 2708 2025 2734 ¹0

1139 2769 1183 2789 m.
1201 2756 1236 2789 2.
1260 2757 1333 2789 AJ.
1361 2757 1555 2789 Invenimus
1582 2780 1590 2787 .
1613 2781 1620 2787 .
1642 2757 1815 2788 inventum
1841 2762 1909 2788 est:
1939 2755 2025 2789 haec

1139 2812 1244 2846 verba
1266 2825 1369 2857 supra
1390 2825 1422 2856 p.
1438 2810 1531 2848 526,
1554 2812 1615 2844 14.
1642 2817 1721 2855 post
1743 2812 1833 2844 orco
1858 2811 2025 2854 spondent

1140 2870 1316 2912 septimum
1344 2869 1602 2903 collocaverunt
1623 2868 1695 2901 ΜΠ.
1732 2881 1765 2898 τι.
1796 2867 2025 2909 γργαμηκότων
