2174 3267
1863 213 1937 240 xlx

119 328 212 372 cap.
249 308 308 351 Χ.
344 306 722 351 commemoravit.
791 306 1019 351 Praeterea
1056 305 1229 368 aliquot
1267 306 1506 353 verborum
1538 317 1786 354 structuras
1821 313 1938 358 inso-

115 392 215 436 litas
251 388 436 434 notavit.
502 384 598 432 Sed
642 387 688 429 in
721 385 782 429 X.
831 401 927 447 cap.
975 403 1075 432 cum
1118 385 1163 431 id
1210 395 1343 450 agat,
1391 395 1441 432 ut
1484 388 1651 434 formas
1697 388 1939 436 verborum

115 488 171 516 ex
204 468 291 514 alia
325 468 643 530 coniugatione
677 467 841 528 petitas
887 476 1134 536 enumeret„
1184 484 1208 512 c
1245 469 1471 513 contrario
1493 469 1710 515 nonnulla
1733 471 1941 534 exempla

113 552 272 596 mutati
305 550 486 614 generis
520 547 773 609 adscripsit7
822 547 902 593 csr.
933 548 1154 610 servitur,
1196 556 1411 608 potestur,
1441 557 1663 610 pos-vetur,
1692 560 1941 614 poteratur,

115 632 310 679 soluerit.
376 632 589 693 Denique
625 646 722 692 cap.
755 629 842 674 XI.
877 631 1091 676 culverbia
1125 631 1403 692 composuit,
1450 647 1549 692 quae
1586 639 1744 677 contra
1780 634 1941 681 Gram-

113 715 377 759 maticorum
411 712 593 775 regulas
629 712 701 758 vel
735 721 895 758 eontra
929 713 1185 777 analogiam
1230 716 1275 759 in
1303 721 1387 771 ter,
1421 715 1509 771 im,
1544 732 1582 773 e,
1616 733 1686 774 us,
1720 716 1942 764 desinunt.

113 795 311 858 Reliqua
344 801 509 852 autem,
545 796 588 843 in
623 793 788 858 quibus
821 794 876 841 dc
911 813 1080 858 genere
1115 798 1415 859 navigiorum9
1449 797 1835 858 vestimentorum,
1870 818 1943 845 va-

113 894 266 923 sorum
301 876 372 922 vel
405 875 688 938 poculorum,
724 892 977 934 armorum,
1023 875 1225 923 ciborum
1259 876 1330 923 vel
1364 894 1629 939 pomorum⁷
1674 877 1730 924 de
1775 897 1945 943 genere

113 959 186 1006 vel
220 958 373 1005 colore
406 960 776 1004 vestimentorum
812 966 856 1003 et
894 958 950 1003 de
985 960 1325 1021 propinquitate
1360 958 1560 1005 breviter
1603 963 1835 1023 exposuit‚
1882 961 1945 1006 nil

113 1041 299 1099 habent⁷
333 1040 457 1103 quod
490 1040 548 1085 ad
584 1041 934 1087 Grammaticam
974 1043 1218 1103 pertineat7
1254 1058 1403 1103 neque
1441 1040 1577 1104 digua
1613 1050 1745 1101 sunt⁷
1781 1043 1944 1106 quibus

116 1124 279 1169 diutius
315 1127 618 1182 inmnorenuw7
654 1126 736 1169 nisi
774 1124 898 1187 quod
930 1124 1060 1186 plura
1095 1123 1304 1169 obsoleta
1336 1141 1485 1169 rerum
1531 1123 1755 1169 vocabula
1790 1126 1945 1185 paucis

116 1207 218 1263 iltis.
254 1224 353 1268 quae
383 1206 561 1250 laudata
597 1213 729 1261 sunt,
777 1206 1050 1266 scriptorum
1085 1204 1352 1266 fragmentis
1386 1205 1573 1249 strictim
1617 1203 1808 1250 enodata
1846 1222 1945 1251 esse

116 1286 419 1332 confitendum
457 1293 537 1330 cst.

243 1367 340 1411 Iam
386 1375 435 1412 ut
480 1385 609 1413 suum
656 1370 817 1429 cuique
852 1368 1104 1426 tribuatur,
1151 1385 1263 1413 neve
1308 1369 1433 1413 iustae
1482 1369 1617 1413 Nonii
1669 1367 1825 1415 laudes
1870 1378 1947 1414 aut

114 1453 433 1496 imminuantur
480 1451 635 1494 autin
669 1452 811 1495 maius
847 1449 1164 1508 celebrentur,
1210 1467 1352 1512 pauca
1400 1450 1455 1495 dc
1500 1450 1710 1496 subsidiis
1757 1449 1943 1497 dicenda

113 1540 241 1589 sunt,
287 1550 387 1595 qute
432 1534 476 1577 in
522 1534 635 1578 tanti
683 1536 833 1595 operis
868 1534 1099 1595 farragine
1143 1526 1434 1595 congerenda
1469 1535 1509 1579 ei
1550 1534 1808 1580 adiumento
1846 1551 1944 1579 esse

114 1624 372 1679 potuerunt.
439 1617 536 1661 Ham
570 1615 658 1660 hoc
693 1614 874 1677 quidem
899 1616 1007 1660 satis
1027 1622 1223 1674 constat⁷
1256 1617 1571 1661 Romanorum
1593 1617 1774 1679 ingenia
1798 1632 1946 1678 neque

115 1706 245 1744 antea
280 1716 306 1743 a
342 1699 647 1745 Grammatice
693 1698 1010 1756 abhorruisse,
1057 1705 1102 1743 et
1148 1700 1293 1760 primo
1342 1706 1387 1744 et
1432 1699 1632 1745 secundo
1679 1717 1722 1761 p.
1759 1698 1867 1745 Chr.
1905 1716 1946 1742 n.

115 1782 280 1828 saeculo
321 1782 417 1827 llaec
462 1780 608 1826 studia
645 1798 780 1843 quam
829 1782 1019 1825 maxime
1064 1780 1285 1826 floruisse.
1357 1782 1416 1825 ‘Ut
1451 1783 1568 1826 enim
1605 1782 1825 1838 omittam,
1858 1782 1946 1824 iam

116 1864 321 1911 Cincium
342 1863 621 1908 Alimentum
651 1861 706 1907 de
742 1859 891 1906 verbis
926 1861 1086 1923 priscis
1107 1863 1341 1923 scripsisse
1378 1869 1421 1907 et
1446 1861 1670 1906 Lucilium
1697 1863 1742 1905 in
1768 1860 1946 1906 Saturis

116 1948 432 2011 grammaticas
477 1946 749 2008 quaestiones
797 1946 1030 2006 tetigisse,
1074 1943 1228 1990 floruit
1274 1943 1434 1989 eodem
1468 1951 1674 2005 tempore
1708 1943 1764 1987 L.
1792 1942 1945 1988 sElius

116 2028 252 2087 Stilo,
289 2028 612 2073 eruditissimus
659 2036 704 2074 et
738 2028 910 2075 Graecis
953 2028 1113 2074 litteris
1159 2034 1204 2073 et
1237 2029 1440 2085 Latinis,
1489 2027 1623 2072 studii
1668 2028 1946 2090 grammatici

117 2127 244 2172 paene
280 2110 493 2171 princeps
530 2111 646 2155 inter
677 2111 933 2167 Romnum,
971 2111 1050 2154 cfr.
1087 2109 1182 2156 Cic.
1216 2110 1348 2154 Brut.
1383 2106 1465 2157 56.
1501 2109 1691 2155 Sueten.
1722 2108 1877 2155 Gram.
1899 2106 1946 2153 5.

118 2193 242 2238 cuius
274 2192 491 2255 frequens
526 2191 648 2254 apud
679 2192 868 2238 Festum
901 2192 952 2237 fit
987 2194 1167 2239 mentio.
1237 2192 1335 2239 Sed
1368 2200 1502 2237 «aetas
1525 2192 1758 2239 Ciceronis
1783 2191 1947 2237 doctri-

116 2293 276 2321 narum
310 2274 649 2321 multiformium
690 2277 1006 2339 variarumque
1043 2278 1219 2334 artium,
1265 2275 1429 2339 quibus
1476 2274 1728 2320 humanitas
1773 2273 1945 2320 erudita

118 2364 203 2415 est,
238 2357 461 2403 columina
496 2358 654 2402 habuit
687 2358 757 2404 M.
799 2357 1050 2404 Varronem
1084 2365 1128 2403 ct
1163 2358 1223 2404 P.
1258 2358 1533 2422 Nitqicliumst‘
1574 2357 1631 2401 A.
1657 2355 1775 2403 Geli.
1809 2356 1865 2401 N.
1887 2357 1946 2401 A.

118 2439 252 2487 XIV.
293 2438 338 2485 1.
405 2439 467 2486 Et
502 2439 724 2485 Varronis
770 2439 951 2503 quidem
996 2447 1287 2487 monumenta
1329 2439 1579 2486 litterarum
1622 2441 1667 2484 in
1702 2437 1945 2502 propatulo

119 2522 438 2585 frequentique
472 2539 556 2566 usu
590 2521 876 2581 ferebantur3
911 2521 1163 2584 Nigidianae
1198 2529 1349 2568 autem
1368 2521 1803 2578 Commentationes‚
1838 2537 1947 2583 qua-

120 2623 220 2650 rum
266 2604 381 2651 liber
424 2604 797 2651 undetricesimus
842 2604 1077 2663 laudatur,
1124 2604 1245 2652 Gell.
1279 2605 1341 2650 X.
1375 2603 1425 2663 5,
1459 2602 1504 2649 ’1.
1546 2620 1639 2649 non
1680 2600 1869 2665 perinde
1901 2602 1947 2646 in

122 2687 285 2750 vulgus
319 2689 526 2734 exierunt
566 2695 611 2733 et
657 2686 909 2733 obscuritas
954 2686 1268 2751 subtilitasque
1306 2705 1490 2744 earum⁷
1540 2692 1756 2748 tanquam
1787 2701 1947 2747 parum

123 2766 259 2826 utilis,
294 2766 507 2814 derelicta
542 2776 622 2814 est.
677 2767 796 2815 Gell.
828 2767 936 2813 ibid.
969 2767 1105 2812 XIX.
1142 2766 1226 2826 14,
1260 2767 1306 2813 5.
1372 2767 1672 2814 Nihilominus
1705 2774 1857 2813 tamen
1893 2783 1948 2811 ex

125 2848 219 2893 eius
252 2866 436 2912 quoque
472 2848 596 2894 libris
632 2849 770 2895 multa
804 2866 830 2894 a
866 2848 1194 2910 posterioribus
1228 2851 1275 2894 in
1308 2867 1438 2895 usum
1474 2848 1613 2894 fuisse
1648 2864 1867 2893 conversa
1904 2852 1947 2891 et

124 2947 207 2993 per
241 2948 288 2978 se
318 2930 555 2992 probabile
582 2938 649 2977 est
687 2940 730 2979 et
766 2932 855 2976 suis
881 2933 1019 2992 ipsius
1044 2933 1307 2979 testimoniis
1334 2933 1392 2977 A.
1426 2929 1600 2978 Gellius
1625 2927 1947 2991 comprobavit.
