<?xml version="1.0" encoding="UTF-8"?>
<!DOCTYPE html PUBLIC "-//W3C//DTD XHTML 1.0 Transitional//EN"
    "http://www.w3.org/TR/xhtml1/DTD/xhtml1-transitional.dtd">
<html xmlns="http://www.w3.org/1999/xhtml" xml:lang="en" lang="en">
 <head>
  <title>
</title>
<meta http-equiv="Content-Type" content="text/html;charset=utf-8" />
  <meta name='ocr-system' content='tesseract 3.04.00' />
  <meta name='ocr-capabilities' content='ocr_page ocr_carea ocr_par ocr_line ocrx_word'/>
</head>
<body>
  <div class='ocr_page' id='page_1' title='image "./decompendiosadoc00noniuoft_0263.png"; bbox 0 0 2174 3267; ppageno 0'>
   <div class='ocr_carea' id='block_1_1' title="bbox 395 180 496 219">
    <p class='ocr_par' dir='ltr' id='par_1_1' title="bbox 395 180 496 219">
     <span class='ocr_line' id='line_1_1' title="bbox 395 180 496 219; baseline -0.01 0"><span class='ocrx_word' id='word_1_1' title='bbox 395 180 496 219; x_wconf 87' lang='lat'><strong>1111.</strong></span> 
     </span>
    </p>
   </div>
   <div class='ocr_carea' id='block_1_2' title="bbox 113 284 1019 1792">
    <p class='ocr_par' dir='ltr' id='par_1_2' title="bbox 113 284 1019 1792">
     <span class='ocr_line' id='line_1_2' title="bbox 117 284 1006 341; baseline -0.007 -14"><span class='ocrx_word' id='word_1_2' title='bbox 117 289 398 341; x_wconf 85' lang='lat' dir='ltr'><em>ponderosum.</em></span> <span class='ocrx_word' id='word_1_3' title='bbox 411 287 525 338; x_wconf 77' lang='lat' dir='ltr'><em>Virg.</em></span> <span class='ocrx_word' id='word_1_4' title='bbox 542 285 691 336; x_wconf 74' lang='lat' dir='ltr'><em>Georg.</em></span> <span class='ocrx_word' id='word_1_5' title='bbox 709 284 780 323; x_wconf 87' lang='lat' dir='ltr'><em>lib.</em></span> <span class='ocrx_word' id='word_1_6' title='bbox 801 299 849 323; x_wconf 88' lang='lat'><em>11:</em></span> <span class='ocrx_word' id='word_1_7' title='bbox 871 285 1006 329; x_wconf 84' lang='lat' dir='ltr'><em>vomis,</em></span> 
     </span>
     <span class='ocr_line' id='line_1_3' title="bbox 114 356 1001 412; baseline -0.006 -15"><span class='ocrx_word' id='word_1_8' title='bbox 114 365 151 397; x_wconf 83' lang='lat' dir='ltr'><em>et</em></span> <span class='ocrx_word' id='word_1_9' title='bbox 185 358 320 412; x_wconf 76' lang='lat' dir='ltr'><em>inflexi</em></span> <span class='ocrx_word' id='word_1_10' title='bbox 347 357 516 410; x_wconf 85' lang='lat' dir='ltr'><em>primum</em></span> <span class='ocrx_word' id='word_1_11' title='bbox 551 370 673 409; x_wconf 71' lang='lat' dir='ltr'><em>qrave</em></span> <span class='ocrx_word' id='word_1_12' title='bbox 707 356 825 393; x_wconf 88' lang='lat' dir='ltr'><em>robur</em></span> <span class='ocrx_word' id='word_1_13' title='bbox 858 357 1001 393; x_wconf 83' lang='lat' dir='ltr'><em>aratri.</em></span> 
     </span>
     <span class='ocr_line' id='line_1_4' title="bbox 120 427 1005 478; baseline -0.006 -11"><span class='ocrx_word' id='word_1_14' title='bbox 120 437 163 467; x_wconf 86' lang='lat'><em>10</em></span> <span class='ocrx_word' id='word_1_15' title='bbox 195 427 410 466; x_wconf 77' lang='lat' dir='ltr'><strong>Terentius</strong></span> <span class='ocrx_word' id='word_1_16' title='bbox 433 427 673 464; x_wconf 84' lang='lat' dir='ltr'><em>Heautont.:</em></span> <span class='ocrx_word' id='word_1_17' title='bbox 703 428 743 463; x_wconf 89' lang='lat' dir='ltr'><em>ul</em></span> <span class='ocrx_word' id='word_1_18' title='bbox 770 433 850 463; x_wconf 85' lang='lat' dir='ltr'><em>tam</em></span> <span class='ocrx_word' id='word_1_19' title='bbox 872 427 1005 478; x_wconf 70' lang='lat' dir='ltr'><em>yravis</em></span> 
     </span>
     <span class='ocr_line' id='line_1_5' title="bbox 114 496 1002 553; baseline -0.005 -17"><span class='ocrx_word' id='word_1_20' title='bbox 114 499 181 536; x_wconf 74' lang='lat' dir='ltr'><em>lios</em></span> <span class='ocrx_word' id='word_1_21' title='bbox 207 511 349 553; x_wconf 79' lang='lat' dir='ltr'><em>quaeso</em></span> <span class='ocrx_word' id='word_1_22' title='bbox 363 497 382 534; x_wconf 74' lang='grc' dir='ltr'><em>Ρ</em></span> <span class='ocrx_word' id='word_1_23' title='bbox 410 497 641 536; x_wconf 87' lang='lat' dir='ltr'><em>M.Tullius</em></span> <span class='ocrx_word' id='word_1_24' title='bbox 661 497 709 535; x_wconf 93' lang='lat' dir='ltr'><em>de</em></span> <span class='ocrx_word' id='word_1_25' title='bbox 721 496 874 534; x_wconf 84' lang='lat' dir='ltr'><em>Officiis</em></span> <span class='ocrx_word' id='word_1_26' title='bbox 889 496 1002 532; x_wconf 54' lang='lat' dir='ltr'><em>liba:</em></span> 
     </span>
     <span class='ocr_line' id='line_1_6' title="bbox 115 565 1007 620; baseline -0.004 -15"><span class='ocrx_word' id='word_1_27' title='bbox 115 574 185 606; x_wconf 91' lang='lat' dir='ltr'><em>aut</em></span> <span class='ocrx_word' id='word_1_28' title='bbox 202 574 306 605; x_wconf 86' lang='lat' dir='ltr'><em>certe</em></span> <span class='ocrx_word' id='word_1_29' title='bbox 326 569 432 605; x_wconf 83' lang='lat' dir='ltr'><em>omni</em></span> <span class='ocrx_word' id='word_1_30' title='bbox 444 568 621 620; x_wconf 81' lang='lat' dir='ltr'><em>pondere</em></span> <span class='ocrx_word' id='word_1_31' title='bbox 642 567 805 618; x_wconf 68' lang='lat' dir='ltr'><em>qravior&#39;</em></span> <span class='ocrx_word' id='word_1_32' title='bbox 823 565 1007 602; x_wconf 79' lang='lat' dir='ltr'><em>habenda</em></span> 
     </span>
     <span class='ocr_line' id='line_1_7' title="bbox 115 636 1006 687; baseline -0.002 -13"><span class='ocrx_word' id='word_1_33' title='bbox 115 643 185 674; x_wconf 90' lang='lat' dir='ltr'><em>est.</em></span> <span class='ocrx_word' id='word_1_34' title='bbox 216 636 363 683; x_wconf 83' lang='lat' dir='ltr'><em>Grave,</em></span> <span class='ocrx_word' id='word_1_35' title='bbox 381 651 562 674; x_wconf 82' lang='lat' dir='ltr'><em>amarum.</em></span> <span class='ocrx_word' id='word_1_36' title='bbox 592 637 720 674; x_wconf 81' lang='lat' dir='ltr'><em>Varro</em></span> <span class='ocrx_word' id='word_1_37' title='bbox 734 636 1006 687; x_wconf 82' lang='lat' dir='ltr'><em>Quinquatru-</em></span> 
     </span>
     <span class='ocr_line' id='line_1_8' title="bbox 113 706 1007 758; baseline -0.003 -14"><span class='ocrx_word' id='word_1_38' title='bbox 113 707 210 744; x_wconf 83' lang='lat' dir='ltr'><em>bus:</em></span> <span class='ocrx_word' id='word_1_39' title='bbox 239 706 456 744; x_wconf 87' lang='lat' dir='ltr'><em>absentium</em></span> <span class='ocrx_word' id='word_1_40' title='bbox 480 709 540 744; x_wconf 87' lang='lat' dir='ltr'><em>uti</em></span> <span class='ocrx_word' id='word_1_41' title='bbox 558 707 681 744; x_wconf 81' lang='lat' dir='ltr'><em>bibam</em></span> <span class='ocrx_word' id='word_1_42' title='bbox 701 719 860 758; x_wconf 71' lang='lat' dir='ltr'><em>yravem</em></span> <span class='ocrx_word' id='word_1_43' title='bbox 886 711 921 742; x_wconf 90' lang='lat' dir='ltr'><em>et</em></span> <span class='ocrx_word' id='word_1_44' title='bbox 945 719 1007 742; x_wconf 83' lang='lat' dir='ltr'><em>ca-</em></span> 
     </span>
     <span class='ocr_line' id='line_1_9' title="bbox 114 775 1008 829; baseline -0.001 -16"><span class='ocrx_word' id='word_1_45' title='bbox 114 782 256 813; x_wconf 82' lang='lat' dir='ltr'><em>storem</em></span> <span class='ocrx_word' id='word_1_46' title='bbox 290 776 447 829; x_wconf 82' lang='lat' dir='ltr'><em>leveque</em></span> <span class='ocrx_word' id='word_1_47' title='bbox 481 776 612 813; x_wconf 88' lang='lat' dir='ltr'><em>robur.</em></span> <span class='ocrx_word' id='word_1_48' title='bbox 655 775 800 820; x_wconf 83' lang='lat' dir='ltr'><em>Grave,</em></span> <span class='ocrx_word' id='word_1_49' title='bbox 827 775 1008 819; x_wconf 81' lang='lat' dir='ltr'><em>multum,</em></span> 
     </span>
     <span class='ocr_line' id='line_1_10' title="bbox 116 845 1007 898; baseline -0.003 -14"><span class='ocrx_word' id='word_1_50' title='bbox 116 846 232 884; x_wconf 82' lang='lat' dir='ltr'><em>valde</em></span> <span class='ocrx_word' id='word_1_51' title='bbox 264 846 483 898; x_wconf 79' lang='lat' dir='ltr'><em>significare</em></span> <span class='ocrx_word' id='word_1_52' title='bbox 518 851 675 884; x_wconf 86' lang='lat' dir='ltr'><em>veteres</em></span> <span class='ocrx_word' id='word_1_53' title='bbox 710 845 894 896; x_wconf 80' lang='lat' dir='ltr'><em>probant.</em></span> <span class='ocrx_word' id='word_1_54' title='bbox 937 845 1007 883; x_wconf 89' lang='lat' dir='ltr'><em>Ti-</em></span> 
     </span>
     <span class='ocr_line' id='line_1_11' title="bbox 118 915 1008 970; baseline -0.001 -18"><span class='ocrx_word' id='word_1_55' title='bbox 118 916 238 953; x_wconf 83' lang='lat' dir='ltr'><strong>tinius</strong></span> <span class='ocrx_word' id='word_1_56' title='bbox 255 915 448 953; x_wconf 83' lang='lat' dir='ltr'><em>Psaltria:</em></span> <span class='ocrx_word' id='word_1_57' title='bbox 475 917 667 970; x_wconf 62' lang='lat' dir='ltr'><em>gravique</em></span> <span class='ocrx_word' id='word_1_58' title='bbox 697 916 849 952; x_wconf 83' lang='lat' dir='ltr'><em>obsonio</em></span> <span class='ocrx_word' id='word_1_59' title='bbox 882 917 1008 952; x_wconf 86' lang='lat' dir='ltr'><em>convi-</em></span> 
     </span>
     <span class='ocr_line' id='line_1_12' title="bbox 116 984 1007 1037; baseline -0.001 -15"><span class='ocrx_word' id='word_1_60' title='bbox 116 998 201 1023; x_wconf 86' lang='lat' dir='ltr'><em>vas.</em></span> <span class='ocrx_word' id='word_1_61' title='bbox 231 985 330 1023; x_wconf 84' lang='lat' dir='ltr'><em>Nam</em></span> <span class='ocrx_word' id='word_1_62' title='bbox 356 991 396 1023; x_wconf 83' lang='lat' dir='ltr'><em>et</em></span> <span class='ocrx_word' id='word_1_63' title='bbox 421 986 597 1037; x_wconf 70' lang='lat' dir='ltr'><em>graviter</em></span> <span class='ocrx_word' id='word_1_64' title='bbox 618 985 786 1023; x_wconf 87' lang='lat' dir='ltr'><em>multum</em></span> <span class='ocrx_word' id='word_1_65' title='bbox 809 984 1007 1034; x_wconf 79' lang='lat' dir='ltr'><em>intellegi-</em></span> 
     </span>
     <span class='ocr_line' id='line_1_13' title="bbox 120 1055 1011 1108; baseline -0.001 -15"><span class='ocrx_word' id='word_1_66' title='bbox 120 1064 196 1094; x_wconf 86' lang='lat' dir='ltr'><em>tur.</em></span> <span class='ocrx_word' id='word_1_67' title='bbox 238 1055 438 1093; x_wconf 79' lang='lat' dir='ltr'>Caecilius</span> <span class='ocrx_word' id='word_1_68' title='bbox 474 1056 639 1093; x_wconf 85' lang='lat' dir='ltr'><em>Plocio:</em></span> <span class='ocrx_word' id='word_1_69' title='bbox 676 1057 832 1108; x_wconf 78' lang='lat' dir='ltr'><em>placere</em></span> <span class='ocrx_word' id='word_1_70' title='bbox 868 1057 1011 1108; x_wconf 83' lang='lat' dir='ltr'><em>occepit</em></span> 
     </span>
     <span class='ocr_line' id='line_1_14' title="bbox 120 1126 1010 1181; baseline -0.001 -18"><span class='ocrx_word' id='word_1_71' title='bbox 120 1127 321 1177; x_wconf 63' lang='lat' dir='ltr'><em>graviter,</em></span> <span class='ocrx_word' id='word_1_72' title='bbox 373 1132 582 1181; x_wconf 80' lang='lat' dir='ltr'><em>postquam</em></span> <span class='ocrx_word' id='word_1_73' title='bbox 620 1132 678 1163; x_wconf 87' lang='lat' dir='ltr'><em>est</em></span> <span class='ocrx_word' id='word_1_74' title='bbox 717 1133 882 1163; x_wconf 85' lang='lat' dir='ltr'><em>mortua.</em></span> <span class='ocrx_word' id='word_1_75' title='bbox 931 1126 1010 1163; x_wconf 86' lang='lat' dir='ltr'><em>Ac-</em></span> 
     </span>
     <span class='ocr_line' id='line_1_15' title="bbox 124 1195 1011 1246; baseline -0.002 -13"><span class='ocrx_word' id='word_1_76' title='bbox 124 1203 170 1233; x_wconf 89' lang='grc'><em>20</em></span> <span class='ocrx_word' id='word_1_77' title='bbox 212 1196 295 1232; x_wconf 88' lang='lat' dir='ltr'><em>cius</em></span> <span class='ocrx_word' id='word_1_78' title='bbox 331 1195 525 1232; x_wconf 76' lang='lat' dir='ltr'><em>Deisoboz</em></span> <span class='ocrx_word' id='word_1_79' title='bbox 565 1202 635 1232; x_wconf 86' lang='lat' dir='ltr'><em>aut</em></span> <span class='ocrx_word' id='word_1_80' title='bbox 663 1195 828 1246; x_wconf 79' lang='lat' dir='ltr'><em>infando</em></span> <span class='ocrx_word' id='word_1_81' title='bbox 860 1196 1011 1232; x_wconf 77' lang='lat' dir='ltr'><em>homine</em></span> 
     </span>
     <span class='ocr_line' id='line_1_16' title="bbox 118 1264 1017 1317; baseline -0.001 -16"><span class='ocrx_word' id='word_1_82' title='bbox 118 1271 239 1317; x_wconf 62' lang='lat' dir='ltr'><em>gnato</em></span> <span class='ocrx_word' id='word_1_83' title='bbox 267 1265 451 1302; x_wconf 87' lang='lat' dir='ltr'><em>Laerata</em></span> <span class='ocrx_word' id='word_1_84' title='bbox 474 1264 708 1301; x_wconf 82' lang='lat' dir='ltr'><em>Ithacenase</em></span> <span class='ocrx_word' id='word_1_85' title='bbox 743 1265 892 1309; x_wconf 79' lang='lat' dir='ltr'><em>exsule,</em></span> <span class='ocrx_word' id='word_1_86' title='bbox 934 1264 1017 1312; x_wconf 80' lang='lat' dir='ltr'><em>Qui</em></span> 
     </span>
     <span class='ocr_line' id='line_1_17' title="bbox 120 1334 1013 1388; baseline 0 -18"><span class='ocrx_word' id='word_1_87' title='bbox 120 1347 246 1388; x_wconf 86' lang='lat' dir='ltr'><em>neque</em></span> <span class='ocrx_word' id='word_1_88' title='bbox 282 1334 405 1371; x_wconf 83' lang='lat' dir='ltr'><em>amico</em></span> <span class='ocrx_word' id='word_1_89' title='bbox 443 1335 589 1371; x_wconf 84' lang='lat' dir='ltr'><em>amicus</em></span> <span class='ocrx_word' id='word_1_90' title='bbox 640 1347 826 1387; x_wconf 83' lang='lat' dir='ltr'><em>umquam</em></span> <span class='ocrx_word' id='word_1_91' title='bbox 863 1335 1013 1386; x_wconf 70' lang='lat' dir='ltr'><em>⁴qravis,</em></span> 
     </span>
     <span class='ocr_line' id='line_1_18' title="bbox 123 1403 1012 1458; baseline -0.001 -17"><span class='ocrx_word' id='word_1_92' title='bbox 123 1418 250 1458; x_wconf 84' lang='lat' dir='ltr'><em>neque</em></span> <span class='ocrx_word' id='word_1_93' title='bbox 278 1404 382 1441; x_wconf 83' lang='lat' dir='ltr'><em>hosti</em></span> <span class='ocrx_word' id='word_1_94' title='bbox 412 1404 530 1441; x_wconf 84' lang='lat' dir='ltr'><em>hostis</em></span> <span class='ocrx_word' id='word_1_95' title='bbox 562 1403 653 1451; x_wconf 74' lang='lat' dir='ltr'><em>fnit.</em></span> <span class='ocrx_word' id='word_1_96' title='bbox 691 1403 907 1442; x_wconf 84' lang='lat' dir='ltr'><strong>Sallustius</strong></span> <span class='ocrx_word' id='word_1_97' title='bbox 938 1404 1012 1441; x_wconf 79' lang='lat' dir='ltr'><em>Hi-</em></span> 
     </span>
     <span class='ocr_line' id='line_1_19' title="bbox 123 1474 1015 1528; baseline 0 -17"><span class='ocrx_word' id='word_1_98' title='bbox 123 1475 332 1512; x_wconf 79' lang='lat' dir='ltr'><strong>storiarum</strong></span> <span class='ocrx_word' id='word_1_99' title='bbox 358 1474 426 1511; x_wconf 85' lang='lat' dir='ltr'><em>lib.</em></span> <span class='ocrx_word' id='word_1_100' title='bbox 467 1488 534 1511; x_wconf 88' lang='lat'>111:</span> <span class='ocrx_word' id='word_1_101' title='bbox 570 1488 741 1528; x_wconf 83' lang='lat' dir='ltr'><em>namque</em></span> <span class='ocrx_word' id='word_1_102' title='bbox 780 1475 862 1518; x_wconf 80' lang='lat' dir='ltr'><em>his,</em></span> <span class='ocrx_word' id='word_1_103' title='bbox 898 1487 1015 1527; x_wconf 80' lang='lat' dir='ltr'><em>prae-</em></span> 
     </span>
     <span class='ocr_line' id='line_1_20' title="bbox 122 1544 1017 1597; baseline -0.001 -15"><span class='ocrx_word' id='word_1_104' title='bbox 122 1550 183 1582; x_wconf 87' lang='lat' dir='ltr'><em>ter</em></span> <span class='ocrx_word' id='word_1_105' title='bbox 199 1545 315 1581; x_wconf 86' lang='lat' dir='ltr'><em>solita</em></span> <span class='ocrx_word' id='word_1_106' title='bbox 336 1546 480 1581; x_wconf 86' lang='lat' dir='ltr'><em>vitiosis</em></span> <span class='ocrx_word' id='word_1_107' title='bbox 502 1544 809 1597; x_wconf 71' lang='lat' dir='ltr'><em>maqistratibus,</em></span> <span class='ocrx_word' id='word_1_108' title='bbox 834 1558 918 1582; x_wconf 87' lang='lat' dir='ltr'><em>cum</em></span> <span class='ocrx_word' id='word_1_109' title='bbox 943 1557 1017 1597; x_wconf 84' lang='lat' dir='ltr'><em>per</em></span> 
     </span>
     <span class='ocr_line' id='line_1_21' title="bbox 123 1614 1019 1667; baseline -0.001 -15"><span class='ocrx_word' id='word_1_110' title='bbox 123 1628 270 1652; x_wconf 87' lang='lat' dir='ltr'><em>omnem</em></span> <span class='ocrx_word' id='word_1_111' title='bbox 292 1615 533 1667; x_wconf 81' lang='lat' dir='ltr'><em>provinciam</em></span> <span class='ocrx_word' id='word_1_112' title='bbox 560 1614 865 1666; x_wconf 76' lang='lat' dir='ltr'><em>infoecunditate</em></span> <span class='ocrx_word' id='word_1_113' title='bbox 887 1615 1019 1652; x_wconf 81' lang='lat' dir='ltr'><em>bienni</em></span> 
     </span>
     <span class='ocr_line' id='line_1_22' title="bbox 122 1684 1014 1736; baseline 0.001 -16"><span class='ocrx_word' id='word_1_114' title='bbox 122 1686 292 1736; x_wconf 76' lang='lat' dir='ltr'><em>proximi</em></span> <span class='ocrx_word' id='word_1_115' title='bbox 315 1696 438 1735; x_wconf 67' lang='lat' dir='ltr'><em>yt&#39;ave</em></span> <span class='ocrx_word' id='word_1_116' title='bbox 475 1685 648 1736; x_wconf 82' lang='lat' dir='ltr'><em>pretium</em></span> <span class='ocrx_word' id='word_1_117' title='bbox 684 1684 877 1736; x_wconf 77' lang='lat' dir='ltr'><em>fructibus</em></span> <span class='ocrx_word' id='word_1_118' title='bbox 920 1697 1014 1721; x_wconf 83' lang='lat' dir='ltr'><em>esse.</em></span> 
     </span>
     <span class='ocr_line' id='line_1_23' title="bbox 126 1753 781 1792; baseline -0.002 0"><span class='ocrx_word' id='word_1_119' title='bbox 126 1755 183 1792; x_wconf 88' lang='lat' dir='ltr'><strong>M.</strong></span> <span class='ocrx_word' id='word_1_120' title='bbox 209 1754 370 1792; x_wconf 84' lang='lat' dir='ltr'><em>Tullius</em></span> <span class='ocrx_word' id='word_1_121' title='bbox 395 1754 443 1790; x_wconf 90' lang='lat' dir='ltr'><em>de</em></span> <span class='ocrx_word' id='word_1_122' title='bbox 473 1753 626 1791; x_wconf 83' lang='lat' dir='ltr'><em>Officiis</em></span> <span class='ocrx_word' id='word_1_123' title='bbox 656 1754 727 1791; x_wconf 89' lang='lat' dir='ltr'><em>lib.</em></span> <span class='ocrx_word' id='word_1_124' title='bbox 748 1769 781 1791; x_wconf 88' lang='lat'><em>1:</em></span> 
     </span>
    </p>
   </div>
   <div class='ocr_carea' id='block_1_3' title="bbox 127 1824 1020 1877">
    <p class='ocr_par' dir='ltr' id='par_1_3' title="bbox 127 1824 1020 1877">
     <span class='ocr_line' id='line_1_24' title="bbox 127 1824 1020 1877; baseline -0.001 -16"><span class='ocrx_word' id='word_1_125' title='bbox 127 1824 331 1868; x_wconf 67' lang='lat' dir='ltr'><em>euadiendi,</em></span> <span class='ocrx_word' id='word_1_126' title='bbox 358 1825 536 1876; x_wconf 69' lang='lat' dir='ltr'><em>⁴qraviter</em></span> <span class='ocrx_word' id='word_1_127' title='bbox 564 1826 633 1877; x_wconf 83' lang='lat' dir='ltr'><em>qui</em></span> <span class='ocrx_word' id='word_1_128' title='bbox 658 1825 822 1862; x_wconf 81' lang='lat' dir='ltr'><em>inimicis</em></span> <span class='ocrx_word' id='word_1_129' title='bbox 849 1826 1020 1861; x_wconf 82' lang='lat' dir='ltr'><em>irascen-</em></span> 
     </span>
    </p>
   </div>
   <div class='ocr_carea' id='block_1_4' title="bbox 821 1767 1019 1791">
    <p class='ocr_par' dir='ltr' id='par_1_4' title="bbox 821 1767 1019 1791">
     <span class='ocr_line' id='line_1_25' title="bbox 821 1767 1019 1791; baseline 0.005 -1"><span class='ocrx_word' id='word_1_130' title='bbox 821 1768 892 1791; x_wconf 70' lang='lat' dir='ltr'><em>‘nec</em></span> <span class='ocrx_word' id='word_1_131' title='bbox 929 1767 1019 1791; x_wconf 71' lang='lat' dir='ltr'><em>vert)</em></span> 
     </span>
    </p>
   </div>
   <div class='ocr_carea' id='block_1_5' title="bbox 129 1893 1022 2014">
    <p class='ocr_par' dir='ltr' id='par_1_5' title="bbox 129 1893 1022 2014">
     <span class='ocr_line' id='line_1_26' title="bbox 129 1893 1020 1946; baseline 0 -16"><span class='ocrx_word' id='word_1_132' title='bbox 129 1894 220 1930; x_wconf 82' lang='lat' dir='ltr'><em>dum</em></span> <span class='ocrx_word' id='word_1_133' title='bbox 240 1898 399 1946; x_wconf 80' lang='lat' dir='ltr'><em>putant.</em></span> <span class='ocrx_word' id='word_1_134' title='bbox 442 1893 653 1931; x_wconf 82' lang='lat' dir='ltr'><em>Lucretius</em></span> <span class='ocrx_word' id='word_1_135' title='bbox 680 1894 750 1931; x_wconf 91' lang='lat' dir='ltr'><em>lib.</em></span> <span class='ocrx_word' id='word_1_136' title='bbox 777 1909 807 1931; x_wconf 89' lang='lat'><em>1:</em></span> <span class='ocrx_word' id='word_1_137' title='bbox 846 1894 1020 1931; x_wconf 80' lang='lat' dir='ltr'><em>humana</em></span> 
     </span>
     <span class='ocr_line' id='line_1_27' title="bbox 129 1962 1022 2014; baseline 0 -14"><span class='ocrx_word' id='word_1_138' title='bbox 129 1969 223 2000; x_wconf 86' lang='lat' dir='ltr'><em>ante</em></span> <span class='ocrx_word' id='word_1_139' title='bbox 243 1963 369 2000; x_wconf 87' lang='lat' dir='ltr'><em>oculos</em></span> <span class='ocrx_word' id='word_1_140' title='bbox 391 1962 482 2014; x_wconf 80' lang='lat' dir='ltr'><em>fede</em></span> <span class='ocrx_word' id='word_1_141' title='bbox 504 1977 590 2000; x_wconf 89' lang='lat' dir='ltr'><em>cum</em></span> <span class='ocrx_word' id='word_1_142' title='bbox 606 1965 689 2000; x_wconf 85' lang='lat' dir='ltr'><em>vita</em></span> <span class='ocrx_word' id='word_1_143' title='bbox 711 1964 858 2001; x_wconf 84' lang='lat' dir='ltr'><em>iaceret</em></span> <span class='ocrx_word' id='word_1_144' title='bbox 874 1964 925 2001; x_wconf 82' lang='lat' dir='ltr'><em>In</em></span> <span class='ocrx_word' id='word_1_145' title='bbox 944 1969 1022 2001; x_wconf 86' lang='lat' dir='ltr'><em>ter-</em></span> 
     </span>
    </p>
   </div>
   <div class='ocr_carea' id='block_1_6' title="bbox 129 2033 1022 2156">
    <p class='ocr_par' dir='ltr' id='par_1_6' title="bbox 129 2033 1022 2156">
     <span class='ocr_line' id='line_1_28' title="bbox 129 2033 1020 2086; baseline 0.002 -16"><span class='ocrx_word' id='word_1_146' title='bbox 129 2034 199 2077; x_wconf 85' lang='lat' dir='ltr'><em>ris,</em></span> <span class='ocrx_word' id='word_1_147' title='bbox 221 2045 407 2086; x_wconf 84' lang='lat' dir='ltr'><em>oppressa</em></span> <span class='ocrx_word' id='word_1_148' title='bbox 424 2033 542 2084; x_wconf 64' lang='lat' dir='ltr'><em>gravi</em></span> <span class='ocrx_word' id='word_1_149' title='bbox 562 2033 630 2070; x_wconf 89' lang='lat' dir='ltr'><em>sub</em></span> <span class='ocrx_word' id='word_1_150' title='bbox 653 2034 862 2084; x_wconf 58' lang='lat' dir='ltr'><em>relligione.</em></span> <span class='ocrx_word' id='word_1_151' title='bbox 890 2034 1020 2072; x_wconf 80' lang='lat' dir='ltr'><em>Varro</em></span> 
     </span>
     <span class='ocr_line' id='line_1_29' title="bbox 134 2101 1022 2156; baseline 0 -16"><span class='ocrx_word' id='word_1_152' title='bbox 134 2111 180 2141; x_wconf 89' lang='lat'><em>30</em></span> <span class='ocrx_word' id='word_1_153' title='bbox 210 2101 624 2140; x_wconf 80' lang='lat' dir='ltr'><em>Gerontodidasealo:</em></span> <span class='ocrx_word' id='word_1_154' title='bbox 651 2103 761 2141; x_wconf 85' lang='lat' dir='ltr'><em>verbi</em></span> <span class='ocrx_word' id='word_1_155' title='bbox 783 2117 925 2156; x_wconf 69' lang='lat' dir='ltr'><em>qt&#39;tives</em></span> <span class='ocrx_word' id='word_1_156' title='bbox 948 2117 1022 2156; x_wconf 87' lang='lat' dir='ltr'><em>pa-</em></span> 
     </span>
    </p>
   </div>
   <div class='ocr_carea' id='block_1_7' title="bbox 132 2195 1036 2860">
    <p class='ocr_par' dir='ltr' id='par_1_7' title="bbox 132 2195 1036 2860">
     <span class='ocr_line' id='line_1_30' title="bbox 132 2195 1024 2240; baseline -0.001 -14"><span class='ocrx_word' id='word_1_157' title='bbox 132 2196 235 2240; x_wconf 85' lang='lat' dir='ltr'><em>quiet</em></span> <span class='ocrx_word' id='word_1_158' title='bbox 246 2201 278 2227; x_wconf 78' lang='lat' dir='ltr'><em>te</em></span> <span class='ocrx_word' id='word_1_159' title='bbox 291 2201 431 2240; x_wconf 81' lang='lat' dir='ltr'><em>poscent</em></span> <span class='ocrx_word' id='word_1_160' title='bbox 444 2195 587 2239; x_wconf 80' lang='lat' dir='ltr'><em>choth.</em></span> <span class='ocrx_word' id='word_1_161' title='bbox 610 2196 773 2239; x_wconf 79' lang='lat' dir='ltr'><em>praebent</em></span> <span class='ocrx_word' id='word_1_162' title='bbox 792 2195 899 2237; x_wconf 78' lang='lat' dir='ltr'><em>Vulg&#39;.</em></span> <span class='ocrx_word' id='word_1_163' title='bbox 919 2196 1024 2227; x_wconf 87' lang='lat' dir='ltr'><em>Dusa.</em></span> 
     </span>
     <span class='ocr_line' id='line_1_31' title="bbox 133 2250 1027 2295; baseline -0.001 -11"><span class='ocrx_word' id='word_1_164' title='bbox 133 2252 225 2288; x_wconf 88' lang='lat' dir='ltr'><strong>20A.</strong></span> <span class='ocrx_word' id='word_1_165' title='bbox 239 2252 274 2284; x_wconf 84' lang='lat' dir='ltr'><strong>J.</strong></span> <span class='ocrx_word' id='word_1_166' title='bbox 297 2250 384 2295; x_wconf 80' lang='lat' dir='ltr'><em>fides</em></span> <span class='ocrx_word' id='word_1_167' title='bbox 401 2253 448 2284; x_wconf 86' lang='lat' dir='ltr'><em>cs.</em></span> <span class='ocrx_word' id='word_1_168' title='bbox 467 2265 497 2295; x_wconf 87' lang='lat' dir='ltr'><em>p.</em></span> <span class='ocrx_word' id='word_1_169' title='bbox 514 2250 578 2287; x_wconf 82' lang='grc'><em>86,</em></span> <span class='ocrx_word' id='word_1_170' title='bbox 596 2251 660 2283; x_wconf 77' lang='grc'><em>26.</em></span> <span class='ocrx_word' id='word_1_171' title='bbox 686 2252 903 2283; x_wconf 69' lang='lat' dir='ltr'><em>Aulularia:</em></span> <span class='ocrx_word' id='word_1_172' title='bbox 921 2253 1027 2283; x_wconf 82' lang='lat' dir='ltr'><em>mulsi</em></span> 
     </span>
     <span class='ocr_line' id='line_1_32' title="bbox 134 2307 1024 2352; baseline 0 -12"><span class='ocrx_word' id='word_1_173' title='bbox 134 2320 170 2344; x_wconf 85' lang='lat'><em>30</em></span> <span class='ocrx_word' id='word_1_174' title='bbox 194 2310 238 2340; x_wconf 90' lang='lat' dir='ltr'><strong>B.</strong></span> <span class='ocrx_word' id='word_1_175' title='bbox 251 2309 345 2350; x_wconf 77' lang='lat' dir='ltr'><em>vulg.</em></span> <span class='ocrx_word' id='word_1_176' title='bbox 370 2309 485 2341; x_wconf 83' lang='lat' dir='ltr'><em>vitula</em></span> <span class='ocrx_word' id='word_1_177' title='bbox 499 2309 534 2340; x_wconf 86' lang='lat' dir='ltr'><strong>J.</strong></span> <span class='ocrx_word' id='word_1_178' title='bbox 549 2307 643 2340; x_wconf 75' lang='lat'><strong>585.</strong></span> <span class='ocrx_word' id='word_1_179' title='bbox 657 2308 760 2351; x_wconf 75' lang='lat' dir='ltr'><em>Vin-g.</em></span> <span class='ocrx_word' id='word_1_180' title='bbox 783 2321 907 2351; x_wconf 68' lang='lat' dir='ltr'><em>qraues</em></span> <span class='ocrx_word' id='word_1_181' title='bbox 926 2310 1024 2352; x_wconf 78' lang='lat' dir='ltr'><em>Virg.</em></span> 
     </span>
     <span class='ocr_line' id='line_1_33' title="bbox 135 2361 1025 2409; baseline -0.001 -12"><span class='ocrx_word' id='word_1_182' title='bbox 135 2362 230 2409; x_wconf 77' lang='lat' dir='ltr'><strong>(pag.</strong></span> <span class='ocrx_word' id='word_1_183' title='bbox 243 2361 351 2400; x_wconf 78' lang='grc'><strong>514.)</strong></span> <span class='ocrx_word' id='word_1_184' title='bbox 369 2366 418 2396; x_wconf 81' lang='lat' dir='ltr'><em>Et</em></span> <span class='ocrx_word' id='word_1_185' title='bbox 431 2377 532 2409; x_wconf 64' lang='lat' dir='ltr'><em>grav.</em></span> <span class='ocrx_word' id='word_1_186' title='bbox 557 2366 603 2397; x_wconf 81' lang='lat' dir='ltr'><em>cf.</em></span> <span class='ocrx_word' id='word_1_187' title='bbox 617 2377 651 2408; x_wconf 86' lang='lat' dir='ltr'><strong>p.</strong></span> <span class='ocrx_word' id='word_1_188' title='bbox 667 2364 761 2401; x_wconf 80' lang='lat'>589,</span> <span class='ocrx_word' id='word_1_189' title='bbox 778 2364 816 2397; x_wconf 77' lang='lat'><strong>5.</strong></span> <span class='ocrx_word' id='word_1_190' title='bbox 842 2367 966 2397; x_wconf 85' lang='lat' dir='ltr'><em>iuvant</em></span> <span class='ocrx_word' id='word_1_191' title='bbox 978 2367 1025 2397; x_wconf 89' lang='lat' dir='ltr'><em>A.</em></span> 
     </span>
     <span class='ocr_line' id='line_1_34' title="bbox 141 2421 1023 2467; baseline 0.002 -15"><span class='ocrx_word' id='word_1_192' title='bbox 141 2433 173 2456; x_wconf 90' lang='lat'><em>10</em></span> <span class='ocrx_word' id='word_1_193' title='bbox 197 2423 293 2454; x_wconf 82' lang='lat' dir='ltr'><em>ultra</em></span> <span class='ocrx_word' id='word_1_194' title='bbox 316 2423 437 2466; x_wconf 65' lang='lat' dir='ltr'><em>{pavis</em></span> <span class='ocrx_word' id='word_1_195' title='bbox 463 2421 522 2453; x_wconf 77' lang='lat' dir='ltr'><em>hos</em></span> <span class='ocrx_word' id='word_1_196' title='bbox 547 2433 671 2466; x_wconf 81' lang='lat' dir='ltr'><em>quaeso</em></span> <span class='ocrx_word' id='word_1_197' title='bbox 697 2421 741 2452; x_wconf 88' lang='lat' dir='ltr'><strong>B.</strong></span> <span class='ocrx_word' id='word_1_198' title='bbox 780 2421 841 2452; x_wconf 78' lang='lat' dir='ltr'><em>hui</em></span> <span class='ocrx_word' id='word_1_199' title='bbox 876 2428 944 2453; x_wconf 84' lang='lat' dir='ltr'><em>tam</em></span> <span class='ocrx_word' id='word_1_200' title='bbox 967 2435 1023 2467; x_wconf 64' lang='grc' dir='ltr'><em>φ’.</em></span> 
     </span>
     <span class='ocr_line' id='line_1_35' title="bbox 138 2477 1027 2521; baseline -0.001 -11"><span class='ocrx_word' id='word_1_201' title='bbox 138 2479 245 2519; x_wconf 70' lang='lat' dir='ltr'><em>Vulg.</em></span> <span class='ocrx_word' id='word_1_202' title='bbox 271 2477 489 2521; x_wconf 73' lang='lat' dir='ltr'><em>absynthium</em></span> <span class='ocrx_word' id='word_1_203' title='bbox 504 2478 597 2520; x_wconf 81' lang='lat' dir='ltr'><em>vulg.</em></span> <span class='ocrx_word' id='word_1_204' title='bbox 615 2478 662 2509; x_wconf 82' lang='lat' dir='ltr'><em>cf.</em></span> <span class='ocrx_word' id='word_1_205' title='bbox 681 2477 775 2514; x_wconf 88' lang='grc'><strong>557,</strong></span> <span class='ocrx_word' id='word_1_206' title='bbox 790 2477 828 2509; x_wconf 74' lang='grc'><em>5.</em></span> <span class='ocrx_word' id='word_1_207' title='bbox 849 2477 939 2516; x_wconf 80' lang='grc'>190,</span> <span class='ocrx_word' id='word_1_208' title='bbox 961 2477 1027 2510; x_wconf 79' lang='lat'><em>26.</em></span> 
     </span>
     <span class='ocr_line' id='line_1_36' title="bbox 138 2534 1030 2579; baseline -0.001 -14"><span class='ocrx_word' id='word_1_209' title='bbox 138 2547 290 2565; x_wconf 85' lang='lat' dir='ltr'><em>amarum</em></span> <span class='ocrx_word' id='word_1_210' title='bbox 318 2535 417 2579; x_wconf 69' lang='lat' dir='ltr'><em>Vir-9.</em></span> <span class='ocrx_word' id='word_1_211' title='bbox 443 2540 475 2565; x_wconf 91' lang='lat' dir='ltr'><em>et</em></span> <span class='ocrx_word' id='word_1_212' title='bbox 490 2545 597 2577; x_wconf 68' lang='lat' dir='ltr'><em>²qrave</em></span> <span class='ocrx_word' id='word_1_213' title='bbox 614 2534 742 2566; x_wconf 86' lang='lat' dir='ltr'><em>olentia</em></span> <span class='ocrx_word' id='word_1_214' title='bbox 761 2540 942 2565; x_wconf 74' lang='lat' dir='ltr'><em>centaurea</em></span> <span class='ocrx_word' id='word_1_215' title='bbox 966 2535 1030 2570; x_wconf 74' lang='lat' dir='ltr'><em>W,</em></span> 
     </span>
     <span class='ocr_line' id='line_1_37' title="bbox 139 2590 1031 2633; baseline -0.001 -11"><span class='ocrx_word' id='word_1_216' title='bbox 139 2602 211 2632; x_wconf 79' lang='lat' dir='ltr'><em>mg.</em></span> <span class='ocrx_word' id='word_1_217' title='bbox 251 2590 352 2622; x_wconf 83' lang='lat' dir='ltr'><em>valde</em></span> <span class='ocrx_word' id='word_1_218' title='bbox 375 2591 520 2622; x_wconf 84' lang='lat' dir='ltr'><em>multum</em></span> <span class='ocrx_word' id='word_1_219' title='bbox 545 2590 694 2633; x_wconf 78' lang='lat' dir='ltr'><em>cheuk.</em></span> <span class='ocrx_word' id='word_1_220' title='bbox 727 2591 844 2622; x_wconf 80' lang='lat' dir='ltr'><em>obsoni</em></span> <span class='ocrx_word' id='word_1_221' title='bbox 868 2592 1031 2623; x_wconf 84' lang='lat' dir='ltr'><em>conuvias</em></span> 
     </span>
     <span class='ocr_line' id='line_1_38' title="bbox 141 2645 1031 2679; baseline 0.001 -2"><span class='ocrx_word' id='word_1_222' title='bbox 141 2647 187 2678; x_wconf 85' lang='lat' dir='ltr'><strong>B.</strong></span> <span class='ocrx_word' id='word_1_223' title='bbox 223 2645 397 2677; x_wconf 80' lang='lat' dir='ltr'><em>Caecilius</em></span> <span class='ocrx_word' id='word_1_224' title='bbox 422 2647 575 2678; x_wconf 81' lang='lat' dir='ltr'><em>Procilio</em></span> <span class='ocrx_word' id='word_1_225' title='bbox 600 2647 645 2679; x_wconf 89' lang='lat' dir='ltr'><strong>B.</strong></span> <span class='ocrx_word' id='word_1_226' title='bbox 682 2652 854 2678; x_wconf 84' lang='lat' dir='ltr'><em>emortuus</em></span> <span class='ocrx_word' id='word_1_227' title='bbox 877 2648 920 2678; x_wconf 88' lang='lat' dir='ltr'><strong>B.</strong></span> <span class='ocrx_word' id='word_1_228' title='bbox 957 2659 1031 2679; x_wconf 84' lang='lat' dir='ltr'><em>con-</em></span> 
     </span>
     <span class='ocr_line' id='line_1_39' title="bbox 142 2698 1028 2744; baseline 0 -10"><span class='ocrx_word' id='word_1_229' title='bbox 142 2704 242 2734; x_wconf 81' lang='lat' dir='ltr'><em>vivas</em></span> <span class='ocrx_word' id='word_1_230' title='bbox 261 2698 481 2737; x_wconf 77' lang='lat' dir='ltr'><em>(convivaris)</em></span> <span class='ocrx_word' id='word_1_231' title='bbox 507 2702 635 2734; x_wconf 82' lang='lat' dir='ltr'><em>Bothe.</em></span> <span class='ocrx_word' id='word_1_232' title='bbox 650 2702 759 2734; x_wconf 71' lang='lat' dir='ltr'><em>Neuk.</em></span> <span class='ocrx_word' id='word_1_233' title='bbox 785 2702 845 2734; x_wconf 82' lang='lat' dir='ltr'><em>boc</em></span> <span class='ocrx_word' id='word_1_234' title='bbox 870 2704 977 2744; x_wconf 78' lang='lat' dir='ltr'><em>coepit</em></span> <span class='ocrx_word' id='word_1_235' title='bbox 990 2703 1028 2734; x_wconf 88' lang='lat' dir='ltr'><em>L.</em></span> 
     </span>
     <span class='ocr_line' id='line_1_40' title="bbox 143 2758 1036 2803; baseline -0.001 -12"><span class='ocrx_word' id='word_1_236' title='bbox 143 2771 178 2794; x_wconf 87' lang='lat'><em>20</em></span> <span class='ocrx_word' id='word_1_237' title='bbox 196 2758 241 2791; x_wconf 83' lang='lat' dir='ltr'><strong>A.</strong></span> <span class='ocrx_word' id='word_1_238' title='bbox 266 2763 344 2790; x_wconf 82' lang='lat' dir='ltr'><em>ante</em></span> <span class='ocrx_word' id='word_1_239' title='bbox 370 2758 416 2790; x_wconf 85' lang='lat' dir='ltr'><strong>M.</strong></span> <span class='ocrx_word' id='word_1_240' title='bbox 441 2760 586 2803; x_wconf 79' lang='lat' dir='ltr'><em>occoepit</em></span> <span class='ocrx_word' id='word_1_241' title='bbox 603 2759 708 2801; x_wconf 78' lang='lat' dir='ltr'><em>Vulg.</em></span> <span class='ocrx_word' id='word_1_242' title='bbox 730 2765 841 2800; x_wconf 68' lang='lat' dir='ltr'><em>quatu</em></span> <span class='ocrx_word' id='word_1_243' title='bbox 859 2760 972 2791; x_wconf 81' lang='lat' dir='ltr'><em>laerat</em></span> <span class='ocrx_word' id='word_1_244' title='bbox 984 2761 1036 2791; x_wconf 84' lang='lat' dir='ltr'><em>ait</em></span> 
     </span>
     <span class='ocr_line' id='line_1_41' title="bbox 144 2816 1034 2860; baseline -0.001 -13"><span class='ocrx_word' id='word_1_245' title='bbox 144 2816 207 2847; x_wconf 74' lang='lat' dir='ltr'><em>liae</em></span> <span class='ocrx_word' id='word_1_246' title='bbox 230 2826 330 2845; x_wconf 88' lang='lat' dir='ltr'><em>enase</em></span> <span class='ocrx_word' id='word_1_247' title='bbox 355 2816 454 2846; x_wconf 84' lang='lat' dir='ltr'><em>exule</em></span> <span class='ocrx_word' id='word_1_248' title='bbox 485 2816 634 2860; x_wconf 84' lang='lat' dir='ltr'><em>quinque</em></span> <span class='ocrx_word' id='word_1_249' title='bbox 668 2816 735 2848; x_wconf 88' lang='lat' dir='ltr'><strong>W.</strong></span> <span class='ocrx_word' id='word_1_250' title='bbox 773 2821 834 2847; x_wconf 83' lang='lat' dir='ltr'><em>aut</em></span> <span class='ocrx_word' id='word_1_251' title='bbox 867 2828 972 2847; x_wconf 86' lang='lat' dir='ltr'><em>arena</em></span> <span class='ocrx_word' id='word_1_252' title='bbox 1002 2816 1034 2846; x_wconf 87' lang='lat' dir='ltr'><em>si</em></span> 
     </span>
    </p>
   </div>
   <div class='ocr_carea' id='block_1_8' title="bbox 144 2871 1032 2968">
    <p class='ocr_par' dir='ltr' id='par_1_8' title="bbox 144 2871 1032 2968">
     <span class='ocr_line' id='line_1_42' title="bbox 144 2871 1032 2915; baseline 0 -12"><span class='ocrx_word' id='word_1_253' title='bbox 144 2884 187 2903; x_wconf 87' lang='lat' dir='ltr'><em>ex</em></span> <span class='ocrx_word' id='word_1_254' title='bbox 212 2872 282 2903; x_wconf 90' lang='lat' dir='ltr'><em>sole</em></span> <span class='ocrx_word' id='word_1_255' title='bbox 306 2872 365 2915; x_wconf 87' lang='lat' dir='ltr'><em>qui</em></span> <span class='ocrx_word' id='word_1_256' title='bbox 388 2883 493 2914; x_wconf 84' lang='lat' dir='ltr'><em>neque</em></span> <span class='ocrx_word' id='word_1_257' title='bbox 516 2871 564 2904; x_wconf 87' lang='lat' dir='ltr'><em>A.</em></span> <span class='ocrx_word' id='word_1_258' title='bbox 585 2872 622 2904; x_wconf 82' lang='lat' dir='ltr'><strong>J.</strong></span> <span class='ocrx_word' id='word_1_259' title='bbox 661 2873 773 2904; x_wconf 79' lang='lat' dir='ltr'><em>lerata</em></span> <span class='ocrx_word' id='word_1_260' title='bbox 797 2872 974 2904; x_wconf 79' lang='lat' dir='ltr'><em>Illiacense</em></span> <span class='ocrx_word' id='word_1_261' title='bbox 998 2885 1032 2903; x_wconf 86' lang='lat' dir='ltr'><em>se</em></span> 
     </span>
     <span class='ocr_line' id='line_1_43' title="bbox 147 2928 1029 2968; baseline -0.001 -10"><span class='ocrx_word' id='word_1_262' title='bbox 147 2940 189 2959; x_wconf 75' lang='lat' dir='ltr'><em>ex</em></span> <span class='ocrx_word' id='word_1_263' title='bbox 214 2928 314 2959; x_wconf 73' lang='lat' dir='ltr'><em>exule</em></span> <span class='ocrx_word' id='word_1_264' title='bbox 338 2928 381 2958; x_wconf 81' lang='lat' dir='ltr'><strong>R.</strong></span> <span class='ocrx_word' id='word_1_265' title='bbox 423 2928 474 2958; x_wconf 86' lang='lat' dir='ltr'><em>ait</em></span> <span class='ocrx_word' id='word_1_266' title='bbox 497 2939 517 2958; x_wconf 83' lang='lat' dir='ltr'><em>a</em></span> <span class='ocrx_word' id='word_1_267' title='bbox 543 2939 624 2959; x_wconf 79' lang='lat' dir='ltr'><em>cena</em></span> <span class='ocrx_word' id='word_1_268' title='bbox 658 2939 692 2958; x_wconf 83' lang='lat' dir='ltr'><em>se</em></span> <span class='ocrx_word' id='word_1_269' title='bbox 721 2930 840 2960; x_wconf 76' lang='lat' dir='ltr'><em>exsule</em></span> <span class='ocrx_word' id='word_1_270' title='bbox 869 2928 1029 2968; x_wconf 73' lang='lat' dir='ltr'><em>Quinque</em></span> 
     </span>
    </p>
   </div>
   <div class='ocr_carea' id='block_1_9' title="bbox 551 174 1696 217">
    <p class='ocr_par' dir='ltr' id='par_1_9' title="bbox 551 174 1696 217">
     <span class='ocr_line' id='line_1_44' title="bbox 551 174 1696 217; baseline -0.004 0"><span class='ocrx_word' id='word_1_271' title='bbox 551 179 625 217; x_wconf 86' lang='lat' dir='ltr'><em>DE</em></span> <span class='ocrx_word' id='word_1_272' title='bbox 655 177 831 217; x_wconf 83' lang='lat' dir='ltr'><strong>VARIA</strong></span> <span class='ocrx_word' id='word_1_273' title='bbox 861 175 1335 216; x_wconf 80' lang='lat' dir='ltr'><strong>SIGNIFICATIONE</strong></span> <span class='ocrx_word' id='word_1_274' title='bbox 1365 174 1696 214; x_wconf 81' lang='lat' dir='ltr'><strong>SERMONUM.</strong></span> 
     </span>
    </p>
   </div>
   <div class='ocr_carea' id='block_1_10' title="bbox 1866 175 1958 213">
    <p class='ocr_par' dir='ltr' id='par_1_10' title="bbox 1866 175 1958 213">
     <span class='ocr_line' id='line_1_45' title="bbox 1866 175 1958 213; baseline 0 0"><span class='ocrx_word' id='word_1_275' title='bbox 1866 175 1958 213; x_wconf 73' lang='lat'><em>215</em></span> 
     </span>
    </p>
   </div>
   <div class='ocr_carea' id='block_1_11' title="bbox 1067 285 1965 616">
    <p class='ocr_par' dir='ltr' id='par_1_11' title="bbox 1067 285 1965 616">
     <span class='ocr_line' id='line_1_46' title="bbox 1067 285 1956 338; baseline -0.001 -17"><span class='ocrx_word' id='word_1_276' title='bbox 1067 290 1232 322; x_wconf 86' lang='lat' dir='ltr'><em>scuntur</em></span> <span class='ocrx_word' id='word_1_277' title='bbox 1256 290 1376 338; x_wconf 86' lang='lat' dir='ltr'><em>atque</em></span> <span class='ocrx_word' id='word_1_278' title='bbox 1400 285 1564 322; x_wconf 81' lang='lat' dir='ltr'><em>alantur</em></span> <span class='ocrx_word' id='word_1_279' title='bbox 1585 297 1779 338; x_wconf 77' lang='lat' dir='ltr'><em>pavonum</em></span> <span class='ocrx_word' id='word_1_280' title='bbox 1801 296 1956 335; x_wconf 40' lang='lat' dir='ltr'><em>⁸tyre-qes.</em></span> 
     </span>
     <span class='ocr_line' id='line_1_47' title="bbox 1073 354 1959 406; baseline -0.003 -13"><span class='ocrx_word' id='word_1_281' title='bbox 1073 355 1504 404; x_wconf 75' lang='lat' dir='ltr'><em>Grave‚grandaevum.</em></span> <span class='ocrx_word' id='word_1_282' title='bbox 1516 355 1627 406; x_wconf 71' lang='lat' dir='ltr'><em>Virg.</em></span> <span class='ocrx_word' id='word_1_283' title='bbox 1645 354 1713 392; x_wconf 86' lang='lat' dir='ltr'><strong>lib.</strong></span> <span class='ocrx_word' id='word_1_284' title='bbox 1728 368 1770 391; x_wconf 88' lang='lat' dir='ltr'><em>v:</em></span> <span class='ocrx_word' id='word_1_285' title='bbox 1792 354 1854 391; x_wconf 78' lang='lat' dir='ltr'><em>hie</em></span> <span class='ocrx_word' id='word_1_286' title='bbox 1865 365 1959 405; x_wconf 70' lang='lat' dir='ltr'><em>yra-</em></span> 
     </span>
     <span class='ocr_line' id='line_1_48' title="bbox 1068 423 1957 474; baseline -0.002 -13"><span class='ocrx_word' id='word_1_287' title='bbox 1068 425 1125 462; x_wconf 85' lang='lat' dir='ltr'><em>vis</em></span> <span class='ocrx_word' id='word_1_288' title='bbox 1169 424 1369 461; x_wconf 80' lang='lat' dir='ltr'><em>Entellum</em></span> <span class='ocrx_word' id='word_1_289' title='bbox 1411 425 1523 461; x_wconf 82' lang='lat' dir='ltr'><em>dictis</em></span> <span class='ocrx_word' id='word_1_290' title='bbox 1565 425 1732 474; x_wconf 69' lang='lat' dir='ltr'><em>castiqat</em></span> <span class='ocrx_word' id='word_1_291' title='bbox 1780 423 1957 461; x_wconf 77' lang='lat' dir='ltr'><em>Acestes.</em></span> 
     </span>
     <span class='ocr_line' id='line_1_49' title="bbox 1072 492 1962 545; baseline -0.002 -13"><span class='ocrx_word' id='word_1_292' title='bbox 1072 493 1219 540; x_wconf 82' lang='lat' dir='ltr'><em>Grave,</em></span> <span class='ocrx_word' id='word_1_293' title='bbox 1239 494 1460 530; x_wconf 82' lang='lat' dir='ltr'><em>molestum.</em></span> <span class='ocrx_word' id='word_1_294' title='bbox 1500 493 1556 530; x_wconf 84' lang='lat' dir='ltr'><strong>M.</strong></span> <span class='ocrx_word' id='word_1_295' title='bbox 1585 494 1743 530; x_wconf 82' lang='lat' dir='ltr'><em>Tullius</em></span> <span class='ocrx_word' id='word_1_296' title='bbox 1769 492 1962 545; x_wconf 75' lang='lat' dir='ltr'><strong>(p.515.)</strong></span> 
     </span>
     <span class='ocr_line' id='line_1_50' title="bbox 1072 563 1965 616; baseline -0.002 -15"><span class='ocrx_word' id='word_1_297' title='bbox 1072 564 1122 601; x_wconf 88' lang='lat' dir='ltr'><em>de</em></span> <span class='ocrx_word' id='word_1_298' title='bbox 1171 564 1410 600; x_wconf 81' lang='lat' dir='ltr'><em>Senectute:</em></span> <span class='ocrx_word' id='word_1_299' title='bbox 1470 563 1574 616; x_wconf 82' lang='lat' dir='ltr'><em>quod</em></span> <span class='ocrx_word' id='word_1_300' title='bbox 1628 576 1839 616; x_wconf 84' lang='lat' dir='ltr'><em>numquam</em></span> <span class='ocrx_word' id='word_1_301' title='bbox 1894 563 1965 600; x_wconf 81' lang='lat' dir='ltr'><em>tibi</em></span> 
     </span>
    </p>
   </div>
   <div class='ocr_carea' id='block_1_12' title="bbox 1072 637 1306 670">
    <p class='ocr_par' dir='ltr' id='par_1_12' title="bbox 1072 637 1306 670">
     <span class='ocr_line' id='line_1_51' title="bbox 1072 637 1306 670; baseline -0.009 0"><span class='ocrx_word' id='word_1_302' title='bbox 1072 637 1306 670; x_wconf 82' lang='lat' dir='ltr'><em>senectutem</em></span> 
     </span>
    </p>
   </div>
   <div class='ocr_carea' id='block_1_13' title="bbox 1371 634 1958 684">
    <p class='ocr_par' dir='ltr' id='par_1_13' title="bbox 1371 634 1958 684">
     <span class='ocr_line' id='line_1_52' title="bbox 1371 634 1958 684; baseline 0.003 -16"><span class='ocrx_word' id='word_1_303' title='bbox 1371 645 1532 684; x_wconf 73' lang='lat' dir='ltr'><em>9ravem</em></span> <span class='ocrx_word' id='word_1_304' title='bbox 1756 634 1958 670; x_wconf 81' lang='lat' dir='ltr'><em>senserim.</em></span> 
     </span>
    </p>
   </div>
   <div class='ocr_carea' id='block_1_14' title="bbox 1073 645 1988 2859">
    <p class='ocr_par' dir='ltr' id='par_1_14' title="bbox 1073 645 1988 2859">
     <span class='ocr_line' id='line_1_53' title="bbox 1601 645 1681 668; baseline 0 0"><span class='ocrx_word' id='word_1_305' title='bbox 1601 645 1681 668; x_wconf 87' lang='lat' dir='ltr'><em>esse</em></span> 
     </span>
     <span class='ocr_line' id='line_1_54' title="bbox 1077 701 1962 753; baseline -0.002 -13"><span class='ocrx_word' id='word_1_306' title='bbox 1077 703 1126 740; x_wconf 89' lang='lat' dir='ltr'><em>In</em></span> <span class='ocrx_word' id='word_1_307' title='bbox 1188 702 1349 739; x_wconf 88' lang='lat' dir='ltr'><em>eodem:</em></span> <span class='ocrx_word' id='word_1_308' title='bbox 1405 701 1561 753; x_wconf 75' lang='lat' dir='ltr'><em>facilius</em></span> <span class='ocrx_word' id='word_1_309' title='bbox 1612 702 1654 738; x_wconf 85' lang='lat' dir='ltr'><em>in</em></span> <span class='ocrx_word' id='word_1_310' title='bbox 1702 702 1850 738; x_wconf 83' lang='lat' dir='ltr'><em>morbos</em></span> <span class='ocrx_word' id='word_1_311' title='bbox 1903 704 1962 739; x_wconf 83' lang='lat' dir='ltr'><em>in-</em></span> 
     </span>
     <span class='ocr_line' id='line_1_55' title="bbox 1077 772 1964 824; baseline -0.002 -15"><span class='ocrx_word' id='word_1_312' title='bbox 1077 773 1233 816; x_wconf 86' lang='lat' dir='ltr'><em>cidunt,</em></span> <span class='ocrx_word' id='word_1_313' title='bbox 1259 772 1421 823; x_wconf 71' lang='lat' dir='ltr'><em>qravius</em></span> <span class='ocrx_word' id='word_1_314' title='bbox 1448 777 1676 824; x_wconf 62' lang='lat' dir='ltr'><em>aegrotant,</em></span> <span class='ocrx_word' id='word_1_315' title='bbox 1709 772 1863 808; x_wconf 85' lang='lat' dir='ltr'><em>tristius</em></span> <span class='ocrx_word' id='word_1_316' title='bbox 1898 785 1964 808; x_wconf 89' lang='lat' dir='ltr'><em>cu-</em></span> 
     </span>
     <span class='ocr_line' id='line_1_56' title="bbox 1075 841 1968 880; baseline -0.002 -1"><span class='ocrx_word' id='word_1_317' title='bbox 1075 848 1233 880; x_wconf 79' lang='lat' dir='ltr'><em>rantur.</em></span> <span class='ocrx_word' id='word_1_318' title='bbox 1265 841 1480 879; x_wconf 85' lang='lat' dir='ltr'><em>Sallustius</em></span> <span class='ocrx_word' id='word_1_319' title='bbox 1513 841 1580 878; x_wconf 85' lang='lat' dir='ltr'><em>lib.</em></span> <span class='ocrx_word' id='word_1_320' title='bbox 1601 854 1650 878; x_wconf 88' lang='lat'><em>11:</em></span> <span class='ocrx_word' id='word_1_321' title='bbox 1682 846 1719 877; x_wconf 91' lang='lat' dir='ltr'><em>et</em></span> <span class='ocrx_word' id='word_1_322' title='bbox 1746 842 1968 878; x_wconf 82' lang='lat' dir='ltr'><em>continetur</em></span> 
     </span>
     <span class='ocr_line' id='line_1_57' title="bbox 1073 911 1964 965; baseline -0.001 -16"><span class='ocrx_word' id='word_1_323' title='bbox 1073 914 1221 965; x_wconf 67' lang='lat' dir='ltr'><em>⁴qravis.</em></span> <span class='ocrx_word' id='word_1_324' title='bbox 1271 911 1424 956; x_wconf 81' lang='lat' dir='ltr'><em>Grave,</em></span> <span class='ocrx_word' id='word_1_325' title='bbox 1462 925 1625 949; x_wconf 89' lang='lat' dir='ltr'><em>nocens.</em></span> <span class='ocrx_word' id='word_1_326' title='bbox 1669 911 1779 962; x_wconf 79' lang='lat' dir='ltr'><em>Virg.</em></span> <span class='ocrx_word' id='word_1_327' title='bbox 1818 911 1964 962; x_wconf 77' lang='lat' dir='ltr'><em>Gcorg.</em></span> 
     </span>
     <span class='ocr_line' id='line_1_58' title="bbox 1076 981 1968 1036; baseline -0.001 -17"><span class='ocrx_word' id='word_1_328' title='bbox 1076 983 1145 1020; x_wconf 91' lang='lat' dir='ltr'><em>lib.</em></span> <span class='ocrx_word' id='word_1_329' title='bbox 1166 996 1233 1019; x_wconf 84' lang='lat'>111:</span> <span class='ocrx_word' id='word_1_330' title='bbox 1260 982 1527 1036; x_wconf 67' lang='lat' dir='ltr'><em>yalbaneoque</em></span> <span class='ocrx_word' id='word_1_331' title='bbox 1559 982 1714 1033; x_wconf 66' lang='lat' dir='ltr'><em>agitare</em></span> <span class='ocrx_word' id='word_1_332' title='bbox 1735 982 1865 1033; x_wconf 69' lang='lat' dir='ltr'><em>qravi.</em></span> <span class='ocrx_word' id='word_1_333' title='bbox 1908 981 1968 1018; x_wconf 84' lang='lat' dir='ltr'><strong>M.</strong></span> 
     </span>
     <span class='ocr_line' id='line_1_59' title="bbox 1078 1051 1968 1101; baseline -0.003 -11"><span class='ocrx_word' id='word_1_334' title='bbox 1078 1053 1240 1090; x_wconf 90' lang='lat' dir='ltr'><em>Tullius</em></span> <span class='ocrx_word' id='word_1_335' title='bbox 1257 1052 1305 1089; x_wconf 85' lang='lat' dir='ltr'><em>de</em></span> <span class='ocrx_word' id='word_1_336' title='bbox 1320 1051 1473 1088; x_wconf 82' lang='lat' dir='ltr'><em>Officiis</em></span> <span class='ocrx_word' id='word_1_337' title='bbox 1487 1051 1556 1088; x_wconf 83' lang='lat' dir='ltr'><em>lib.</em></span> <span class='ocrx_word' id='word_1_338' title='bbox 1570 1065 1614 1087; x_wconf 88' lang='lat'><em>111</em></span> <span class='ocrx_word' id='word_1_339' title='bbox 1629 1067 1638 1087; x_wconf 89' lang='lat'>:</span> <span class='ocrx_word' id='word_1_340' title='bbox 1666 1064 1848 1101; x_wconf 72' lang='lat' dir='ltr'><em>nzaqnum</em></span> <span class='ocrx_word' id='word_1_341' title='bbox 1862 1051 1968 1087; x_wconf 86' lang='lat' dir='ltr'><em>illum</em></span> 
     </span>
     <span class='ocr_line' id='line_1_60' title="bbox 1078 1120 1967 1174; baseline -0.001 -16"><span class='ocrx_word' id='word_1_342' title='bbox 1078 1122 1214 1159; x_wconf 88' lang='lat' dir='ltr'><em>bellum</em></span> <span class='ocrx_word' id='word_1_343' title='bbox 1248 1120 1419 1174; x_wconf 61' lang='lat' dir='ltr'><em>perfuga</em></span> <span class='ocrx_word' id='word_1_344' title='bbox 1462 1121 1620 1157; x_wconf 77' lang='lat' dir='ltr'><em>humum</em></span> <span class='ocrx_word' id='word_1_345' title='bbox 1668 1126 1705 1157; x_wconf 87' lang='lat' dir='ltr'><em>et</em></span> <span class='ocrx_word' id='word_1_346' title='bbox 1740 1134 1862 1172; x_wconf 59' lang='lat' dir='ltr'><em>grave</em></span> <span class='ocrx_word' id='word_1_347' title='bbox 1896 1121 1967 1157; x_wconf 87' lang='lat' dir='ltr'><em>ad-</em></span> 
     </span>
     <span class='ocr_line' id='line_1_61' title="bbox 1077 1189 1968 1241; baseline -0.001 -13"><span class='ocrx_word' id='word_1_348' title='bbox 1077 1192 1293 1228; x_wconf 79' lang='lat' dir='ltr'><em>versarium</em></span> <span class='ocrx_word' id='word_1_349' title='bbox 1335 1191 1488 1241; x_wconf 80' lang='lat' dir='ltr'><em>imperii</em></span> <span class='ocrx_word' id='word_1_350' title='bbox 1528 1190 1760 1226; x_wconf 82' lang='lat' dir='ltr'><em>sustulisset.</em></span> <span class='ocrx_word' id='word_1_351' title='bbox 1822 1189 1968 1235; x_wconf 79' lang='lat' dir='ltr'><em>Grave,</em></span> 
     </span>
     <span class='ocr_line' id='line_1_62' title="bbox 1080 1259 1968 1311; baseline -0.001 -12"><span class='ocrx_word' id='word_1_352' title='bbox 1080 1262 1205 1299; x_wconf 83' lang='lat' dir='ltr'><em>triste.</em></span> <span class='ocrx_word' id='word_1_353' title='bbox 1248 1261 1395 1298; x_wconf 87' lang='lat' dir='ltr'><em>Accius</em></span> <span class='ocrx_word' id='word_1_354' title='bbox 1424 1260 1620 1311; x_wconf 75' lang='lat' dir='ltr'><em>Erigona:</em></span> <span class='ocrx_word' id='word_1_355' title='bbox 1649 1259 1719 1296; x_wconf 75' lang='lat' dir='ltr'><em>secl</em></span> <span class='ocrx_word' id='word_1_356' title='bbox 1746 1260 1812 1296; x_wconf 87' lang='lat' dir='ltr'><em>ubi</em></span> <span class='ocrx_word' id='word_1_357' title='bbox 1841 1261 1896 1297; x_wconf 92' lang='lat' dir='ltr'><em>ad</em></span> <span class='ocrx_word' id='word_1_358' title='bbox 1924 1268 1968 1298; x_wconf 74' lang='lat'><em>¹0</em></span> 
     </span>
     <span class='ocr_line' id='line_1_63' title="bbox 1077 1330 1970 1384; baseline 0 -16"><span class='ocrx_word' id='word_1_359' title='bbox 1077 1331 1196 1382; x_wconf 82' lang='lat' dir='ltr'><em>finem</em></span> <span class='ocrx_word' id='word_1_360' title='bbox 1210 1337 1366 1368; x_wconf 83' lang='lat' dir='ltr'><em>ventum</em></span> <span class='ocrx_word' id='word_1_361' title='bbox 1385 1337 1455 1374; x_wconf 79' lang='lat' dir='ltr'><em>est,</em></span> <span class='ocrx_word' id='word_1_362' title='bbox 1470 1331 1511 1366; x_wconf 87' lang='lat' dir='ltr'><em>in</em></span> <span class='ocrx_word' id='word_1_363' title='bbox 1528 1343 1602 1384; x_wconf 90' lang='lat' dir='ltr'><em>quo</em></span> <span class='ocrx_word' id='word_1_364' title='bbox 1621 1330 1726 1366; x_wconf 84' lang='lat' dir='ltr'><em>illum</em></span> <span class='ocrx_word' id='word_1_365' title='bbox 1746 1330 1831 1381; x_wconf 77' lang='lat' dir='ltr'><em>fors</em></span> <span class='ocrx_word' id='word_1_366' title='bbox 1857 1344 1970 1383; x_wconf 84' lang='lat' dir='ltr'><em>expe-</em></span> 
     </span>
     <span class='ocr_line' id='line_1_64' title="bbox 1081 1399 1972 1454; baseline -0.001 -15"><span class='ocrx_word' id='word_1_367' title='bbox 1081 1401 1212 1439; x_wconf 83' lang='lat' dir='ltr'><em>ctabat</em></span> <span class='ocrx_word' id='word_1_368' title='bbox 1233 1401 1327 1444; x_wconf 72' lang='lat' dir='ltr'><em>loco,</em></span> <span class='ocrx_word' id='word_1_369' title='bbox 1354 1400 1488 1454; x_wconf 85' lang='lat' dir='ltr'><em>Atque</em></span> <span class='ocrx_word' id='word_1_370' title='bbox 1506 1399 1665 1437; x_wconf 85' lang='lat' dir='ltr'><em>Orestes</em></span> <span class='ocrx_word' id='word_1_371' title='bbox 1685 1401 1821 1450; x_wconf 61' lang='lat' dir='ltr'><em>gravis</em></span> <span class='ocrx_word' id='word_1_372' title='bbox 1842 1414 1972 1438; x_wconf 87' lang='lat' dir='ltr'><em>sacer-</em></span> 
     </span>
     <span class='ocr_line' id='line_1_65' title="bbox 1082 1470 1973 1524; baseline -0.001 -15"><span class='ocrx_word' id='word_1_373' title='bbox 1082 1473 1152 1509; x_wconf 85' lang='lat' dir='ltr'><em>dos</em></span> <span class='ocrx_word' id='word_1_374' title='bbox 1173 1471 1281 1522; x_wconf 81' lang='lat' dir='ltr'><em>ferro</em></span> <span class='ocrx_word' id='word_1_375' title='bbox 1306 1476 1482 1524; x_wconf 81' lang='lat' dir='ltr'><em>prompto</em></span> <span class='ocrx_word' id='word_1_376' title='bbox 1511 1470 1742 1507; x_wconf 82' lang='lat' dir='ltr'><em>adstituere.</em></span> <span class='ocrx_word' id='word_1_377' title='bbox 1774 1471 1887 1523; x_wconf 79' lang='lat' dir='ltr'><em>Virg.</em></span> <span class='ocrx_word' id='word_1_378' title='bbox 1902 1471 1973 1508; x_wconf 87' lang='lat' dir='ltr'><em>lib.</em></span> 
     </span>
     <span class='ocr_line' id='line_1_66' title="bbox 1084 1540 1970 1593; baseline -0.001 -14"><span class='ocrx_word' id='word_1_379' title='bbox 1084 1555 1174 1579; x_wconf 89' lang='lat' dir='ltr'>v111:</span> <span class='ocrx_word' id='word_1_380' title='bbox 1203 1543 1363 1593; x_wconf 71' lang='lat' dir='ltr'><em>9²·avior</em></span> <span class='ocrx_word' id='word_1_381' title='bbox 1383 1554 1432 1577; x_wconf 88' lang='lat' dir='ltr'><em>ne</em></span> <span class='ocrx_word' id='word_1_382' title='bbox 1456 1541 1618 1577; x_wconf 85' lang='lat' dir='ltr'><em>nuntius</em></span> <span class='ocrx_word' id='word_1_383' title='bbox 1637 1541 1745 1577; x_wconf 84' lang='lat' dir='ltr'><em>auris</em></span> <span class='ocrx_word' id='word_1_384' title='bbox 1767 1540 1970 1578; x_wconf 78' lang='lat' dir='ltr'><em>Vulneret.</em></span> 
     </span>
     <span class='ocr_line' id='line_1_67' title="bbox 1085 1610 1975 1662; baseline -0.002 -12"><span class='ocrx_word' id='word_1_385' title='bbox 1085 1611 1231 1656; x_wconf 84' lang='lat' dir='ltr'><em>Grave,</em></span> <span class='ocrx_word' id='word_1_386' title='bbox 1261 1612 1376 1649; x_wconf 86' lang='lat' dir='ltr'><em>forte.</em></span> <span class='ocrx_word' id='word_1_387' title='bbox 1424 1610 1538 1662; x_wconf 74' lang='lat' dir='ltr'><em>Virg.</em></span> <span class='ocrx_word' id='word_1_388' title='bbox 1565 1610 1634 1647; x_wconf 80' lang='lat' dir='ltr'><em>lil).</em></span> <span class='ocrx_word' id='word_1_389' title='bbox 1658 1625 1731 1647; x_wconf 75' lang='lat' dir='ltr'><em>xli:</em></span> <span class='ocrx_word' id='word_1_390' title='bbox 1763 1610 1855 1658; x_wconf 74' lang='lat' dir='ltr'><em>ferit</em></span> <span class='ocrx_word' id='word_1_391' title='bbox 1883 1624 1975 1648; x_wconf 87' lang='lat' dir='ltr'><em>ense</em></span> 
     </span>
     <span class='ocr_line' id='line_1_68' title="bbox 1081 1678 1976 1734; baseline 0 -15"><span class='ocrx_word' id='word_1_392' title='bbox 1081 1696 1241 1734; x_wconf 67' lang='lat' dir='ltr'><em>qravem</em></span> <span class='ocrx_word' id='word_1_393' title='bbox 1268 1681 1475 1732; x_wconf 78' lang='lat' dir='ltr'><em>Tymbreus</em></span> <span class='ocrx_word' id='word_1_394' title='bbox 1494 1680 1667 1731; x_wconf 79' lang='lat' dir='ltr'><em>Osyrim.</em></span> <span class='ocrx_word' id='word_1_395' title='bbox 1699 1678 1845 1726; x_wconf 74' lang='lat' dir='ltr'><em>Grave,</em></span> <span class='ocrx_word' id='word_1_396' title='bbox 1864 1682 1976 1719; x_wconf 82' lang='lat' dir='ltr'><em>utile.</em></span> 
     </span>
     <span class='ocr_line' id='line_1_69' title="bbox 1085 1750 1976 1791; baseline 0 -2"><span class='ocrx_word' id='word_1_397' title='bbox 1085 1753 1143 1789; x_wconf 91' lang='grc' dir='ltr'><em>Μ.</em></span> <span class='ocrx_word' id='word_1_398' title='bbox 1161 1752 1319 1791; x_wconf 87' lang='lat' dir='ltr'><em>Tullius</em></span> <span class='ocrx_word' id='word_1_399' title='bbox 1349 1752 1398 1788; x_wconf 87' lang='lat' dir='ltr'><em>de</em></span> <span class='ocrx_word' id='word_1_400' title='bbox 1423 1750 1576 1788; x_wconf 81' lang='lat' dir='ltr'><em>Officiis</em></span> <span class='ocrx_word' id='word_1_401' title='bbox 1604 1750 1673 1787; x_wconf 83' lang='lat' dir='ltr'><strong>lib.</strong></span> <span class='ocrx_word' id='word_1_402' title='bbox 1696 1764 1728 1787; x_wconf 87' lang='lat'><em>1:</em></span> <span class='ocrx_word' id='word_1_403' title='bbox 1758 1757 1800 1788; x_wconf 84' lang='lat' dir='ltr'><em>ut</em></span> <span class='ocrx_word' id='word_1_404' title='bbox 1820 1752 1900 1788; x_wconf 88' lang='lat' dir='ltr'><em>iam</em></span> <span class='ocrx_word' id='word_1_405' title='bbox 1925 1754 1976 1789; x_wconf 88' lang='lat' dir='ltr'><em>sit</em></span> 
     </span>
     <span class='ocr_line' id='line_1_70' title="bbox 1087 1821 1975 1875; baseline 0 -16"><span class='ocrx_word' id='word_1_406' title='bbox 1087 1823 1166 1859; x_wconf 84' lang='lat' dir='ltr'><em>alia</em></span> <span class='ocrx_word' id='word_1_407' title='bbox 1189 1823 1377 1871; x_wconf 63' lang='lat' dir='ltr'><em>graviora</em></span> <span class='ocrx_word' id='word_1_408' title='bbox 1411 1826 1529 1875; x_wconf 87' lang='lat' dir='ltr'><em>atque</em></span> <span class='ocrx_word' id='word_1_409' title='bbox 1551 1821 1725 1864; x_wconf 80' lang='lat' dir='ltr'><em>meliora,</em></span> <span class='ocrx_word' id='word_1_410' title='bbox 1754 1826 1882 1858; x_wconf 85' lang='lat' dir='ltr'><em>tamen</em></span> <span class='ocrx_word' id='word_1_411' title='bbox 1905 1835 1975 1859; x_wconf 89' lang='lat' dir='ltr'><em>nos</em></span> 
     </span>
     <span class='ocr_line' id='line_1_71' title="bbox 1085 1890 1973 1943; baseline -0.001 -13"><span class='ocrx_word' id='word_1_412' title='bbox 1085 1893 1219 1930; x_wconf 84' lang='lat' dir='ltr'><em>studia</em></span> <span class='ocrx_word' id='word_1_413' title='bbox 1247 1896 1383 1928; x_wconf 83' lang='lat' dir='ltr'><em>nostra</em></span> <span class='ocrx_word' id='word_1_414' title='bbox 1408 1896 1578 1928; x_wconf 86' lang='lat' dir='ltr'><em>naturae</em></span> <span class='ocrx_word' id='word_1_415' title='bbox 1607 1890 1744 1943; x_wconf 72' lang='lat' dir='ltr'><em>requla</em></span> <span class='ocrx_word' id='word_1_416' title='bbox 1779 1891 1973 1929; x_wconf 85' lang='lat' dir='ltr'><em>metimur.</em></span> 
     </span>
     <span class='ocr_line' id='line_1_72' title="bbox 1088 1960 1978 2007; baseline -0.001 -8"><span class='ocrx_word' id='word_1_417' title='bbox 1088 1961 1234 2007; x_wconf 76' lang='lat' dir='ltr'><em>Grave,</em></span> <span class='ocrx_word' id='word_1_418' title='bbox 1249 1961 1419 1998; x_wconf 85' lang='lat' dir='ltr'><em>solidum</em></span> <span class='ocrx_word' id='word_1_419' title='bbox 1444 1965 1484 1997; x_wconf 86' lang='lat' dir='ltr'><em>et</em></span> <span class='ocrx_word' id='word_1_420' title='bbox 1507 1960 1670 1998; x_wconf 86' lang='lat' dir='ltr'><em>firmum.</em></span> <span class='ocrx_word' id='word_1_421' title='bbox 1690 1961 1838 1999; x_wconf 90' lang='lat' dir='ltr'><em>Accius</em></span> <span class='ocrx_word' id='word_1_422' title='bbox 1854 1961 1978 2000; x_wconf 81' lang='lat' dir='ltr'><em>Atha-</em></span> 
     </span>
     <span class='ocr_line' id='line_1_73' title="bbox 1087 2030 1979 2085; baseline -0.001 -15"><span class='ocrx_word' id='word_1_423' title='bbox 1087 2037 1238 2070; x_wconf 79' lang='lat' dir='ltr'><em>mante:</em></span> <span class='ocrx_word' id='word_1_424' title='bbox 1266 2030 1473 2080; x_wconf 80' lang='lat' dir='ltr'><em>veneficius</em></span> <span class='ocrx_word' id='word_1_425' title='bbox 1496 2044 1656 2083; x_wconf 60' lang='lat' dir='ltr'><em>gravem</em></span> <span class='ocrx_word' id='word_1_426' title='bbox 1679 2031 1844 2069; x_wconf 83' lang='lat' dir='ltr'><em>hostium</em></span> <span class='ocrx_word' id='word_1_427' title='bbox 1864 2046 1979 2085; x_wconf 82' lang='lat' dir='ltr'><em>pepe-</em></span> 
     </span>
     <span class='ocr_line' id='line_1_74' title="bbox 1088 2100 1976 2154; baseline 0 -14"><span class='ocrx_word' id='word_1_428' title='bbox 1088 2105 1194 2147; x_wconf 84' lang='lat' dir='ltr'><em>risti,</em></span> <span class='ocrx_word' id='word_1_429' title='bbox 1235 2107 1272 2139; x_wconf 91' lang='lat' dir='ltr'><em>et</em></span> <span class='ocrx_word' id='word_1_430' title='bbox 1294 2115 1432 2153; x_wconf 53' lang='lat' dir='ltr'><em>gaave.</em></span> <span class='ocrx_word' id='word_1_431' title='bbox 1484 2101 1596 2138; x_wconf 85' lang='lat' dir='ltr'><em>Idem</em></span> <span class='ocrx_word' id='word_1_432' title='bbox 1618 2100 1900 2154; x_wconf 66' lang='lat' dir='ltr'><em>Nyctegresia:</em></span> <span class='ocrx_word' id='word_1_433' title='bbox 1929 2111 1976 2140; x_wconf 88' lang='grc'><em>20</em></span> 
     </span>
     <span class='ocr_line' id='line_1_75' title="bbox 1092 2192 1982 2237; baseline -0.001 -12"><span class='ocrx_word' id='word_1_434' title='bbox 1092 2206 1199 2225; x_wconf 69' lang='lat' dir='ltr'><em>(minos</em></span> <span class='ocrx_word' id='word_1_435' title='bbox 1221 2194 1350 2224; x_wconf 83' lang='lat' dir='ltr'><em>amicus</em></span> <span class='ocrx_word' id='word_1_436' title='bbox 1363 2218 1369 2223; x_wconf 94' lang='lat'><strong>.</strong></span> <span class='ocrx_word' id='word_1_437' title='bbox 1382 2218 1386 2224; x_wconf 92' lang='lat'><strong>.</strong></span> <span class='ocrx_word' id='word_1_438' title='bbox 1400 2204 1504 2237; x_wconf 83' lang='lat' dir='ltr'><em>neque</em></span> <span class='ocrx_word' id='word_1_439' title='bbox 1517 2192 1625 2223; x_wconf 79' lang='lat' dir='ltr'><em>bostis</em></span> <span class='ocrx_word' id='word_1_440' title='bbox 1636 2193 1711 2236; x_wconf 78' lang='lat' dir='ltr'><em>fuit</em></span> <span class='ocrx_word' id='word_1_441' title='bbox 1732 2193 1826 2234; x_wconf 80' lang='lat' dir='ltr'><strong>ng.</strong></span> <span class='ocrx_word' id='word_1_442' title='bbox 1852 2192 1982 2224; x_wconf 76' lang='lat' dir='ltr'><em>bomini</em></span> 
     </span>
     <span class='ocr_line' id='line_1_76' title="bbox 1091 2249 1982 2295; baseline -0.001 -14"><span class='ocrx_word' id='word_1_443' title='bbox 1091 2256 1197 2295; x_wconf 63' lang='lat' dir='ltr'><em>flnato</em></span> <span class='ocrx_word' id='word_1_444' title='bbox 1223 2250 1368 2280; x_wconf 81' lang='lat' dir='ltr'><em>Laertae</em></span> <span class='ocrx_word' id='word_1_445' title='bbox 1392 2249 1566 2280; x_wconf 74' lang='lat' dir='ltr'><em>Ithacensi</em></span> <span class='ocrx_word' id='word_1_446' title='bbox 1590 2249 1699 2280; x_wconf 78' lang='lat' dir='ltr'><em>Mero.</em></span> <span class='ocrx_word' id='word_1_447' title='bbox 1732 2255 1836 2293; x_wconf 67' lang='lat' dir='ltr'><em>gynato</em></span> <span class='ocrx_word' id='word_1_448' title='bbox 1859 2250 1982 2280; x_wconf 86' lang='lat' dir='ltr'><em>Laerte</em></span> 
     </span>
     <span class='ocr_line' id='line_1_77' title="bbox 1092 2304 1981 2350; baseline -0.001 -13"><span class='ocrx_word' id='word_1_449' title='bbox 1092 2305 1289 2350; x_wconf 80' lang='lat' dir='ltr'><em>cherlach.</em></span> <span class='ocrx_word' id='word_1_450' title='bbox 1318 2305 1444 2336; x_wconf 77' lang='lat' dir='ltr'><em>Laerta</em></span> <span class='ocrx_word' id='word_1_451' title='bbox 1462 2304 1604 2348; x_wconf 81' lang='lat' dir='ltr'><em>choth.</em></span> <span class='ocrx_word' id='word_1_452' title='bbox 1630 2317 1735 2348; x_wconf 80' lang='lat' dir='ltr'><em>neque</em></span> <span class='ocrx_word' id='word_1_453' title='bbox 1759 2306 1789 2336; x_wconf 89' lang='lat' dir='ltr'><em>is</em></span> <span class='ocrx_word' id='word_1_454' title='bbox 1815 2306 1854 2336; x_wconf 88' lang='grc' dir='ltr'><em>Β.</em></span> <span class='ocrx_word' id='word_1_455' title='bbox 1880 2306 1981 2337; x_wconf 80' lang='lat' dir='ltr'><em>vitio-</em></span> 
     </span>
     <span class='ocr_line' id='line_1_78' title="bbox 1093 2361 1981 2406; baseline -0.001 -13"><span class='ocrx_word' id='word_1_456' title='bbox 1093 2363 1142 2393; x_wconf 84' lang='lat' dir='ltr'><em>sis</em></span> <span class='ocrx_word' id='word_1_457' title='bbox 1178 2362 1289 2406; x_wconf 63' lang='lat' dir='ltr'><em>magis</em></span> <span class='ocrx_word' id='word_1_458' title='bbox 1320 2362 1510 2392; x_wconf 72' lang='lat' dir='ltr'><em>aestatibus</em></span> <span class='ocrx_word' id='word_1_459' title='bbox 1542 2361 1693 2393; x_wconf 77' lang='lat' dir='ltr'><em>flavere.</em></span> <span class='ocrx_word' id='word_1_460' title='bbox 1725 2362 1832 2393; x_wconf 79' lang='lat' dir='ltr'><em>lectio</em></span> <span class='ocrx_word' id='word_1_461' title='bbox 1865 2362 1981 2394; x_wconf 81' lang='lat' dir='ltr'><em>Codd.</em></span> 
     </span>
     <span class='ocr_line' id='line_1_79' title="bbox 1092 2416 1983 2460; baseline -0.001 -10"><span class='ocrx_word' id='word_1_462' title='bbox 1092 2430 1161 2450; x_wconf 90' lang='lat' dir='ltr'><em>non</em></span> <span class='ocrx_word' id='word_1_463' title='bbox 1177 2418 1343 2449; x_wconf 79' lang='lat' dir='ltr'><em>mutanda</em></span> <span class='ocrx_word' id='word_1_464' title='bbox 1357 2416 1454 2449; x_wconf 83' lang='lat' dir='ltr'><em>Gerl.</em></span> <span class='ocrx_word' id='word_1_465' title='bbox 1475 2417 1554 2460; x_wconf 78' lang='lat' dir='ltr'><em>fede</em></span> <span class='ocrx_word' id='word_1_466' title='bbox 1579 2419 1622 2449; x_wconf 77' lang='lat' dir='ltr'><em>cf.</em></span> <span class='ocrx_word' id='word_1_467' title='bbox 1644 2430 1677 2460; x_wconf 84' lang='lat' dir='ltr'><strong>p.</strong></span> <span class='ocrx_word' id='word_1_468' title='bbox 1699 2417 1794 2454; x_wconf 81' lang='grc'><strong>579,</strong></span> <span class='ocrx_word' id='word_1_469' title='bbox 1810 2417 1870 2450; x_wconf 81' lang='lat'><strong>12.</strong></span> <span class='ocrx_word' id='word_1_470' title='bbox 1890 2416 1983 2455; x_wconf 76' lang='lat'><strong>526,</strong></span> 
     </span>
     <span class='ocr_line' id='line_1_80' title="bbox 1097 2473 1983 2518; baseline 0.001 -12"><span class='ocrx_word' id='word_1_471' title='bbox 1097 2475 1164 2506; x_wconf 91' lang='grc'><em>55.</em></span> <span class='ocrx_word' id='word_1_472' title='bbox 1189 2486 1311 2518; x_wconf 69' lang='lat' dir='ltr'><em>yraues</em></span> <span class='ocrx_word' id='word_1_473' title='bbox 1336 2474 1451 2517; x_wconf 81' lang='lat' dir='ltr'><em>cfr.p.</em></span> <span class='ocrx_word' id='word_1_474' title='bbox 1468 2473 1562 2509; x_wconf 79' lang='grc'>440,</span> <span class='ocrx_word' id='word_1_475' title='bbox 1580 2473 1642 2506; x_wconf 81' lang='grc'><em>14.</em></span> <span class='ocrx_word' id='word_1_476' title='bbox 1673 2475 1730 2505; x_wconf 87' lang='lat' dir='ltr'><em>ubi</em></span> <span class='ocrx_word' id='word_1_477' title='bbox 1753 2486 1807 2518; x_wconf 69' lang='grc' dir='ltr'><em>φ’.</em></span> <span class='ocrx_word' id='word_1_478' title='bbox 1832 2475 1923 2516; x_wconf 79' lang='lat' dir='ltr'><em>vulg.</em></span> <span class='ocrx_word' id='word_1_479' title='bbox 1947 2484 1983 2509; x_wconf 85' lang='grc' dir='ltr'><em>3ο</em></span> 
     </span>
     <span class='ocr_line' id='line_1_81' title="bbox 1092 2531 1985 2575; baseline 0 -14"><span class='ocrx_word' id='word_1_480' title='bbox 1092 2536 1284 2573; x_wconf 74' lang='lat' dir='ltr'><em>pascuntur</em></span> <span class='ocrx_word' id='word_1_481' title='bbox 1307 2532 1356 2562; x_wconf 83' lang='lat' dir='ltr'><strong>A.</strong></span> <span class='ocrx_word' id='word_1_482' title='bbox 1381 2536 1413 2562; x_wconf 85' lang='lat' dir='ltr'><em>et</em></span> <span class='ocrx_word' id='word_1_483' title='bbox 1433 2532 1576 2562; x_wconf 84' lang='lat' dir='ltr'><em>alantur</em></span> <span class='ocrx_word' id='word_1_484' title='bbox 1600 2531 1747 2573; x_wconf 83' lang='lat' dir='ltr'><em>Popma.</em></span> <span class='ocrx_word' id='word_1_485' title='bbox 1772 2536 1874 2575; x_wconf 83' lang='lat' dir='ltr'><em>atquc</em></span> <span class='ocrx_word' id='word_1_486' title='bbox 1887 2532 1985 2562; x_wconf 87' lang='lat' dir='ltr'><em>alan-</em></span> 
     </span>
     <span class='ocr_line' id='line_1_82' title="bbox 1097 2586 1984 2630; baseline 0 -12"><span class='ocrx_word' id='word_1_487' title='bbox 1097 2593 1152 2618; x_wconf 82' lang='lat' dir='ltr'><em>tur</em></span> <span class='ocrx_word' id='word_1_488' title='bbox 1177 2588 1221 2619; x_wconf 87' lang='lat' dir='ltr'><strong>B.</strong></span> <span class='ocrx_word' id='word_1_489' title='bbox 1245 2599 1351 2630; x_wconf 63' lang='lat' dir='ltr'><em>grave</em></span> <span class='ocrx_word' id='word_1_490' title='bbox 1375 2588 1420 2619; x_wconf 88' lang='lat' dir='ltr'><em>cf.</em></span> <span class='ocrx_word' id='word_1_491' title='bbox 1439 2600 1474 2630; x_wconf 90' lang='lat' dir='ltr'><em>p.</em></span> <span class='ocrx_word' id='word_1_492' title='bbox 1490 2586 1583 2623; x_wconf 72' lang='lat'><em>251,</em></span> <span class='ocrx_word' id='word_1_493' title='bbox 1599 2586 1663 2619; x_wconf 74' lang='lat'><strong>20.</strong></span> <span class='ocrx_word' id='word_1_494' title='bbox 1700 2588 1736 2618; x_wconf 85' lang='lat' dir='ltr'><em>in</em></span> <span class='ocrx_word' id='word_1_495' title='bbox 1759 2599 1813 2619; x_wconf 89' lang='lat' dir='ltr'><em>eos</em></span> <span class='ocrx_word' id='word_1_496' title='bbox 1835 2587 1984 2629; x_wconf 70' lang='lat' dir='ltr'><em>facilius</em></span> 
     </span>
     <span class='ocr_line' id='line_1_83' title="bbox 1096 2640 1984 2686; baseline 0.002 -12"><span class='ocrx_word' id='word_1_497' title='bbox 1096 2645 1224 2675; x_wconf 78' lang='lat' dir='ltr'><em>morbos</em></span> <span class='ocrx_word' id='word_1_498' title='bbox 1249 2643 1317 2674; x_wconf 87' lang='lat' dir='ltr'><em>Bb·</em></span> <span class='ocrx_word' id='word_1_499' title='bbox 1332 2644 1372 2675; x_wconf 81' lang='lat' dir='ltr'><strong>L.</strong></span> <span class='ocrx_word' id='word_1_500' title='bbox 1398 2645 1431 2675; x_wconf 83' lang='lat' dir='ltr'><em>in</em></span> <span class='ocrx_word' id='word_1_501' title='bbox 1449 2643 1578 2675; x_wconf 82' lang='lat' dir='ltr'><em>eosdem</em></span> <span class='ocrx_word' id='word_1_502' title='bbox 1593 2645 1658 2675; x_wconf 52' lang='lat' dir='ltr'><em>XV.</em></span> <span class='ocrx_word' id='word_1_503' title='bbox 1681 2643 1766 2674; x_wconf 80' lang='lat' dir='ltr'><em>adu-</em></span> <span class='ocrx_word' id='word_1_504' title='bbox 1781 2640 1984 2686; x_wconf 73' lang='lat' dir='ltr'><em>(pag.5l5.)</em></span> 
     </span>
     <span class='ocr_line' id='line_1_84' title="bbox 1096 2699 1986 2732; baseline 0.001 -1"><span class='ocrx_word' id='word_1_505' title='bbox 1096 2702 1259 2731; x_wconf 83' lang='lat' dir='ltr'><em>lescentes</em></span> <span class='ocrx_word' id='word_1_506' title='bbox 1283 2711 1347 2731; x_wconf 84' lang='lat' dir='ltr'><em>om.</em></span> <span class='ocrx_word' id='word_1_507' title='bbox 1361 2699 1405 2732; x_wconf 84' lang='lat' dir='ltr'><strong>G.</strong></span> <span class='ocrx_word' id='word_1_508' title='bbox 1423 2701 1462 2732; x_wconf 86' lang='lat' dir='ltr'><strong>L.</strong></span> <span class='ocrx_word' id='word_1_509' title='bbox 1479 2700 1540 2732; x_wconf 49' lang='grc' dir='ltr'><em>ΣΥ.</em></span> <span class='ocrx_word' id='word_1_510' title='bbox 1560 2713 1602 2731; x_wconf 87' lang='lat' dir='ltr'><em>m.</em></span> <span class='ocrx_word' id='word_1_511' title='bbox 1615 2712 1686 2732; x_wconf 86' lang='lat' dir='ltr'><em>see.</em></span> <span class='ocrx_word' id='word_1_512' title='bbox 1721 2712 1759 2731; x_wconf 85' lang='lat' dir='ltr'><em>ea</em></span> <span class='ocrx_word' id='word_1_513' title='bbox 1777 2702 1986 2732; x_wconf 77' lang='lat' dir='ltr'><em>continentia</em></span> 
     </span>
     <span class='ocr_line' id='line_1_85' title="bbox 1103 2756 1988 2800; baseline 0 -12"><span class='ocrx_word' id='word_1_514' title='bbox 1103 2756 1246 2800; x_wconf 81' lang='lat' dir='ltr'><em>chusa.</em></span> <span class='ocrx_word' id='word_1_515' title='bbox 1273 2756 1368 2788; x_wconf 88' lang='lat' dir='ltr'><em>Gerl.</em></span> <span class='ocrx_word' id='word_1_516' title='bbox 1406 2757 1461 2788; x_wconf 87' lang='lat' dir='ltr'><em>Ea</em></span> <span class='ocrx_word' id='word_1_517' title='bbox 1482 2759 1631 2790; x_wconf 77' lang='lat' dir='ltr'><em>continet</em></span> <span class='ocrx_word' id='word_1_518' title='bbox 1655 2757 1792 2790; x_wconf 83' lang='lat' dir='ltr'><em>Carrio.</em></span> <span class='ocrx_word' id='word_1_519' title='bbox 1828 2763 1859 2788; x_wconf 88' lang='lat' dir='ltr'><em>et</em></span> <span class='ocrx_word' id='word_1_520' title='bbox 1885 2758 1988 2789; x_wconf 83' lang='lat' dir='ltr'><em>conti-</em></span> 
     </span>
     <span class='ocr_line' id='line_1_86' title="bbox 1100 2813 1987 2859; baseline 0.001 -15"><span class='ocrx_word' id='word_1_521' title='bbox 1100 2819 1224 2844; x_wconf 84' lang='lat' dir='ltr'><em>nentur</em></span> <span class='ocrx_word' id='word_1_522' title='bbox 1232 2814 1376 2858; x_wconf 67' lang='lat' dir='ltr'><em>tqravius</em></span> <span class='ocrx_word' id='word_1_523' title='bbox 1390 2813 1532 2857; x_wconf 82' lang='lat' dir='ltr'><em>cherc.</em></span> <span class='ocrx_word' id='word_1_524' title='bbox 1545 2815 1694 2859; x_wconf 68' lang='lat' dir='ltr'><em>yterfitqa</em></span> <span class='ocrx_word' id='word_1_525' title='bbox 1706 2826 1795 2845; x_wconf 84' lang='lat' dir='ltr'><em>unus</em></span> <span class='ocrx_word' id='word_1_526' title='bbox 1805 2820 1838 2846; x_wconf 85' lang='lat' dir='ltr'><em>et</em></span> <span class='ocrx_word' id='word_1_527' title='bbox 1848 2827 1987 2859; x_wconf 59' lang='lat' dir='ltr'><em>gravem</em></span> 
     </span>
    </p>
   </div>
   <div class='ocr_carea' id='block_1_15' title="bbox 1098 2869 1988 2969">
    <p class='ocr_par' dir='ltr' id='par_1_15' title="bbox 1098 2869 1988 2969">
     <span class='ocr_line' id='line_1_87' title="bbox 1098 2869 1985 2914; baseline 0.005 -14"><span class='ocrx_word' id='word_1_528' title='bbox 1098 2870 1204 2911; x_wconf 74' lang='lat' dir='ltr'><em>Vulg.</em></span> <span class='ocrx_word' id='word_1_529' title='bbox 1226 2871 1303 2913; x_wconf 77' lang='lat' dir='ltr'><em>fors</em></span> <span class='ocrx_word' id='word_1_530' title='bbox 1316 2871 1510 2902; x_wconf 79' lang='lat' dir='ltr'><em>sectabatur</em></span> <span class='ocrx_word' id='word_1_531' title='bbox 1534 2871 1701 2903; x_wconf 79' lang='lat' dir='ltr'><em>msPalat.</em></span> <span class='ocrx_word' id='word_1_532' title='bbox 1722 2869 1928 2914; x_wconf 83' lang='lat' dir='ltr'><em>prochbh.</em></span> <span class='ocrx_word' id='word_1_533' title='bbox 1954 2880 1985 2904; x_wconf 79' lang='lat'><em>10</em></span> 
     </span>
     <span class='ocr_line' id='line_1_88' title="bbox 1098 2924 1988 2969; baseline -0.002 -11"><span class='ocrx_word' id='word_1_534' title='bbox 1098 2938 1131 2968; x_wconf 85' lang='lat' dir='ltr'><strong>p.</strong></span> <span class='ocrx_word' id='word_1_535' title='bbox 1148 2924 1236 2958; x_wconf 81' lang='grc'>106.</span> <span class='ocrx_word' id='word_1_536' title='bbox 1252 2925 1298 2956; x_wconf 85' lang='lat' dir='ltr'><em>ml</em></span> <span class='ocrx_word' id='word_1_537' title='bbox 1310 2937 1402 2969; x_wconf 83' lang='lat' dir='ltr'><em>quem</em></span> <span class='ocrx_word' id='word_1_538' title='bbox 1414 2926 1551 2958; x_wconf 80' lang='lat' dir='ltr'><em>Orestes</em></span> <span class='ocrx_word' id='word_1_539' title='bbox 1563 2928 1628 2960; x_wconf 81' lang='lat' dir='ltr'><strong>W.</strong></span> <span class='ocrx_word' id='word_1_540' title='bbox 1640 2927 1718 2958; x_wconf 85' lang='lat' dir='ltr'><em>edd.</em></span> <span class='ocrx_word' id='word_1_541' title='bbox 1736 2926 1877 2958; x_wconf 81' lang='lat' dir='ltr'><em>adsistit</em></span> <span class='ocrx_word' id='word_1_542' title='bbox 1891 2926 1934 2957; x_wconf 87' lang='lat' dir='ltr'><strong>G.</strong></span> <span class='ocrx_word' id='word_1_543' title='bbox 1946 2926 1988 2957; x_wconf 88' lang='lat' dir='ltr'><strong>B.</strong></span> 
     </span>
    </p>
   </div>
  </div>
 </body>
</html>
