2174 3267
229 105 318 143 506

229 213 356 250 Varro
380 212 624 263 Mareipore:
653 213 716 250 hie
735 215 777 250 in
796 213 955 251 ambivio
974 228 1111 253 navem

229 282 517 319 conscendimus
547 283 783 335 plaustrem,
813 296 931 337 quam
964 286 1116 322 nuzctici
1141 294 1152 301 ·

229 353 429 404 equisones
454 365 527 403 per
551 353 652 389 viam
671 366 788 406 quam
811 353 999 390 ducerent
1015 354 1109 392 loeo.

279 420 496 458 Mmumm
521 422 688 459 mediam
707 422 787 460 diei
807 430 961 474 partem
979 437 1113 461 onmes

226 494 368 540 putant
399 492 526 527 solum
565 505 650 528 esse
689 492 917 537 dicendam,
955 507 1041 530 cum
1075 499 1114 531 ot

225 560 355 596 noetis
383 564 422 596 et
450 574 533 597 eam
564 561 756 611 temporis
788 566 938 612 partem
972 563 1113 600 docto-

223 642 308 665 rum
347 630 561 667 auctoritas
599 631 757 669 dixerit.
802 632 930 669 Vurro
967 632 1113 669 Marci-

224 712 345 749 pore:
387 706 546 752 repente
581 702 703 737 noctis
739 702 893 738 circiter
931 702 1113 745 meridie,

230 775 273 805 ¹0
299 767 395 806 Cum
418 770 545 821 pietus
564 782 634 806 aer
661 769 827 820 fervidis
850 771 929 808 late
961 771 1113 821 iynibus

225 835 337 874 Caeli
360 851 481 874 orean
505 839 647 875 astrice
670 840 932 876 ostenderent.
964 839 1050 877 Nos
1074 841 1113 877 in

223 905 443 957 Epistulis,
481 921 582 959 quae
615 908 883 946 inscribuntur
916 924 937 946 a
966 910 1113 947 doetri-

224 976 284 1013 nis
318 976 367 1014 de
406 977 717 1028 peregrinando:
755 984 792 1016 et
822 980 955 1030 viqilia
993 980 1114 1031 iqitur

222 1044 438 1099 aliquando
485 1052 522 1083 et
567 1049 780 1085 meracium
817 1049 1114 1100 couqitationum,

219 1116 451 1168 priusquam
470 1122 579 1154 aetas
609 1118 650 1154 in
675 1119 838 1156 meridie
861 1124 912 1164 et,
947 1120 1114 1172 torpitu-

223 1183 350 1221 dinem
378 1185 536 1238 pellere.

275 1253 451 1292 Rumam
477 1270 550 1307 pro
575 1270 691 1294 curru
718 1257 845 1296 varro
864 1259 1113 1311 Marcipore:

224 1324 314 1360 dixe
355 1326 441 1375 reyi
473 1325 658 1363 Alledeam
685 1328 886 1365 advectura
912 1343 987 1381 per
1018 1343 1116 1366 aera

223 1395 265 1429 in
297 1394 431 1430 redam
463 1395 663 1445 anyuibus.

276 1462 468 1499 FAscmn
505 1478 577 1514 pro
616 1465 766 1503 cortice
804 1466 932 1504 Varro
960 1466 1115 1505 Geron-

229 1539 273 1568 20
305 1532 570 1571 todidasealo:
612 1535 654 1571 in
675 1535 814 1589 quibus
835 1536 1001 1587 Lybissa
1029 1551 1115 1575 cra-

224 1603 306 1639 turi
331 1602 468 1650 fasciis
497 1603 617 1654 cinqit
640 1603 778 1654 forem.

277 1671 439 1710 Lunum
483 1687 558 1724 pro
601 1675 752 1712 cortice
811 1676 924 1726 Virg.
962 1675 1111 1727 Georg.

225 1741 293 1779 lib.
316 1755 370 1779 11:
412 1743 566 1796 udoque
598 1744 738 1781 docent
765 1745 975 1783 inolescere
1002 1746 1110 1784 libro.

226 1876 306 1909 edd.
326 1879 415 1909 viam
443 1879 602 1911 ducerent
624 1881 768 1924 Popma.
795 1883 867 1914 loro
888 1883 983 1924 ng,
993 1884 1041 1915 M.
1057 1895 1120 1914 me-

226 1933 320 1964 diam
342 1934 413 1965 dici
437 1934 508 1966 diei
525 1935 597 1968 JM.
626 1939 734 1969 noctis
752 1951 822 1969 esus«²
839 1951 909 1969 eam
928 1940 1007 1971 edd.
1024 1951 1120 1983 prae-

227 1992 282 2020 ter
299 1990 408 2031 princ.
430 1997 578 2022 veterum
599 1994 791 2024 auctoritas
812 1993 930 2025 1480.
953 2001 1121 2037 repetente

232 2054 264 2079 10
282 2046 348 2077 W.
370 2047 541 2078 meridiem
563 2052 642 2079 ante
651 2050 699 2085 M,
718 2049 810 2080 Scal.
828 2062 899 2081 cum
918 2051 954 2081 in
969 2052 1121 2094 picturis

229 2112 287 2131 aer
296 2100 456 2143 fervidus
474 2101 590 2134 1480.
603 2105 711 2135 astico
728 2105 901 2136 ostendere
914 2109 1012 2149 princ
1041 2119 1120 2139 orus

230 2157 377 2187 astricus
401 2156 466 2199 ch.
492 2158 629 2190 choreas
653 2162 800 2192 astricus
823 2161 951 2204 ejSeal.
973 2164 1120 2207 Popma,

232 2212 280 2244 Μ.
301 2212 440 2244 chorean
459 2216 604 2246 astricen
625 2215 967 2257 cjlzoth.ostenderet
991 2219 1058 2261 ch‚
1072 2221 1120 2251 M-

232 2267 325 2299 Scal.
345 2280 364 2299 a
391 2270 500 2301 doctis
525 2270 591 2313 ch.
624 2274 753 2317 evigila
779 2275 889 2318 [glitm-
911 2275 1064 2318 chifan.
1097 2276 1120 2307 J

234 2323 269 2355 in
292 2324 480 2360 addendis,
507 2328 647 2368 probM.
675 2331 879 2361 morantium
897 2333 1033 2364 anteM.
1052 2343 1123 2376 coy.

234 2379 312 2410 dum
337 2386 432 2411 netas
449 2381 531 2424 ch.
555 2385 590 2414 in
611 2386 750 2416 meridie
777 2392 828 2417 est
843 2387 867 2419 J
882 2387 918 2418 in
940 2388 1123 2425 addendis,

235 2436 370 2479 probM.
408 2437 610 2480 torpidinem
635 2440 675 2478 L,
702 2442 812 2484 princ.
839 2443 884 2474 Α.
916 2443 1122 2487 torpedinem

240 2491 353 2525 1480.
384 2492 500 2525 1526.
517 2494 551 2526 J.
571 2497 713 2538 pelleret
732 2499 796 2535 W,
819 2499 936 2537 AJM;
961 2501 1065 2532 etiam
1087 2501 1123 2532 in

237 2549 265 2579 L
282 2555 292 2578 t
313 2560 482 2592 super-scr.
504 2552 609 2592 pellet
626 2553 768 2585 mediam
786 2559 865 2586 ante
884 2558 928 2588 A.
948 2557 1040 2600 pelle
1053 2557 1077 2588 J
1089 2557 1124 2588 in

237 2606 419 2638 addendis.
452 2607 586 2649 probM.
608 2609 758 2641 Rhedam
785 2612 865 2644 edd.
896 2612 989 2644 dixit
1011 2612 1058 2644 A·
1089 2614 1122 2643 1⁴⁷1

237 2660 342 2691 rheda
376 2664 451 2693 cddv
488 2669 627 2705 praeter
650 2667 694 2697 A.
724 2667 836 2699 Varro
853 2681 886 2711 p.
908 2667 974 2706 86,
1003 2668 1063 2701 10.
1090 2670 1124 2700 in

238 2727 273 2751 20
291 2720 387 2761 queis
407 2720 499 2760 nug-I
520 2721 644 2763 Libyen
663 2723 770 2754 citt-us
786 2724 958 2766 chentin.
979 2726 1126 2768 Libyssa

239 2774 346 2803 cin-us
364 2776 512 2816 nug-am.
543 2778 640 2820 Virq.
662 2791 696 2821 p.
713 2778 776 2815 62,
791 2781 853 2812 51.
875 2782 987 2813 Varro
1010 2794 1044 2825 p.
1063 2780 1126 2817 28,

240 2827 275 2859 9.
292 2830 459 2865 timentes,
476 2833 489 2862 i
507 2845 676 2874 supi-mer.
693 2835 730 2866 L.
751 2836 904 2868 timentes
919 2837 986 2870 AJ.
1003 2838 1126 2868 new-sile

888 106 1095 145 NONIUS
1126 109 1242 146 MAR
1251 109 1462 148 CELLUS

1231 218 1390 256 szcum
1416 220 1590 270 positum
1616 233 1689 272 pro
1717 226 1823 265 rete,
1857 235 1875 255 a
1916 221 2063 258 tenaci-

1179 291 1273 323 tate.
1319 288 1445 324 Varro
1476 289 1745 327 Parmenone:
1795 289 1984 342 lepusculi
2015 290 2063 327 ti-

1178 356 1317 392 mentis
1339 356 1410 393 hoc
1437 359 1753 411 quadranqulum
1774 359 1894 396 Dedit
1916 359 2067 402 Diana,

1178 431 1262 462 rete
1286 425 1434 470 nexile,
1472 433 1564 472 ata,
1599 428 1754 465 Viscum
1779 428 1874 480 fuge
1904 429 2065 476 lineam-

1179 508 1254 548 que
1287 496 1513 548 conpedam.

1237 564 1403 601 CALCAR
1443 579 1516 616 pro
1550 566 1702 617 impetu
1737 567 1864 605 varro
1893 567 2067 619 Sesque-

1180 633 1310 670 ulixe:
1352 640 1491 671 ventus
1529 648 1694 673 succasu
1722 637 1981 674 vehementius
2019 644 2065 672 30

1179 701 1360 753 sufflare,
1387 710 1424 741 et
1448 705 1581 742 calcar
1608 706 1847 750 admovere..

1234 772 1384 809 EBmUs
1406 778 1446 810 et
1468 774 1627 811 ticinius
1649 789 1726 812 non
1756 775 1981 813 vinulentos
2005 779 2070 812 aut

1181 842 1268 880 sino
1294 843 1396 887 civo,
1422 844 1494 880 sed
1513 844 1698 893 expletos
1719 844 1898 895 qualibet
1918 858 1961 882 re
1978 858 2070 895 pos-

1181 925 1311 949 sumus
1347 912 1493 951 dicere.
1538 914 1666 951 Varro
1702 913 2004 951 Eumenidibus:
2035 919 2072 951 et

1179 983 1303 1018 ceteri
1340 982 1554 1019 scolasticis
1592 983 1705 1020 auris
1736 983 1898 1020 auribus
1933 983 2074 1020 scolica

1181 1051 1282 1103 dape
1309 1064 1416 1105 aqua
1436 1051 1551 1089 ebriis
1571 1051 1736 1104 festicae
1759 1065 1849 1104 ape·
1881 1048 1938 1103 (p.
1951 1048 2073 1097 452.)

1181 1122 1417 1172 ratztoloyz‘a,
1442 1122 1652 1174 consurgia
1671 1123 1952 1174 consur-qimam,
1979 1123 2073 1159 ieiu-

1181 1192 1241 1228 nis
1268 1191 1400 1228 oculis.

1234 1259 1454 1298 Gmnemm
1500 1274 1574 1312 pro
1613 1261 1764 1298 extanti
1811 1266 1851 1298 et
1875 1260 2075 1298 eminenti.

1181 1330 1312 1368 Varro
1333 1330 1638 1368 Eumenidibus:
1665 1331 1755 1367 item
1772 1331 1919 1381 tra-clici
1933 1330 2074 1383 prode-

1181 1405 1253 1437 unt
1273 1414 1356 1436 cum
1382 1401 1509 1453 capite
1534 1400 1672 1444 libero,
1697 1414 1781 1437 cum
1806 1401 1974 1453 antiqua
1992 1400 2076 1452 lege

1182 1469 1237 1505 ad
1261 1468 1432 1515 frontem
1453 1469 1685 1521 superficias
1716 1469 1940 1506 accedebat.

1236 1538 1437 1575 'sonamus
1464 1552 1544 1575 non
1567 1539 1693 1576 solum
1715 1539 1831 1589 ignis,
1863 1539 1934 1576 sed
1959 1539 2076 1575 etiam

1185 1608 1310 1658 frigus
1348 1613 1485 1659 potest
1523 1609 1770 1646 auctoritate.
1828 1609 1956 1646 Varro
1996 1608 2076 1645 Eu-

1182 1678 1426 1715 menidibus:
1459 1680 1585 1730 capite
1606 1684 1744 1731 aperto
1768 1691 1851 1715 esse
1870 1677 2000 1721 iubet,
2031 1685 2074 1716 10

1181 1753 1275 1784 ante
1301 1748 1423 1785 lucem
1448 1749 1628 1792 suscitat,
1658 1748 1823 1799 Friqore
1844 1753 1983 1792 torret,
2014 1760 2078 1784 ve-

1186 1885 1254 1915 WV.
1282 1889 1345 1915 aut
1373 1884 1503 1915 viscum
1526 1883 1569 1914 A.
1586 1878 1700 1925 ἄρκυας
1724 1884 1855 1914 viscum
1877 1882 1952 1915 JM.
1973 1882 2081 1926 fugai

1186 1938 1270 1982 ejM.
1285 1941 1415 1971 viscum
1428 1952 1587 1984 sagenam
1607 1940 1668 1970 lin.
1684 1939 1719 1975 J,
1729 1940 1878 1982 Poprna.
1893 1937 2079 1983 compedem

1188 1996 1269 2027 edd.
1298 1999 1438 2037 praeter
1472 1996 1583 2038 princ.
1618 1998 1652 2025 et
1684 1996 1730 2027 Μ.
1768 2001 1888 2026 ventus
1920 1994 1982 2025 sub
2015 1991 2079 2024 σαῖι

1186 2052 1298 2094 princ.
1322 2056 1444 2082 ventus
1463 2063 1523 2081 suo
1544 2063 1625 2082 casu
1648 2050 1712 2082 rel.
1737 2051 1816 2082 edd.
1841 2054 1920 2082 ante
1941 2050 1986 2081 M.
2016 2050 2078 2080 sub

1895 2107 2016 2137 Ebrios
2042 2115 2080 2140 3ο

1185 2170 1216 2195 et
1250 2164 1371 2206 mgVV,
1407 2164 1487 2194 edd.
1516 2164 1682 2194 ticinnius
1703 2163 1768 2194 W.
1798 2162 1942 2194 titindos
1969 2163 2080 2205 princ-

1186 2221 1343 2251 tricinios
1374 2218 1491 2251 1480.
1524 2220 1663 2251 ticinios
1683 2219 1754 2251 AJ.
1776 2229 1819 2249 ex
1846 2218 1997 2249 Titinnio
2013 2217 2081 2260 ch.

1186 2282 1218 2307 et
1248 2276 1386 2307 Ieiunos
1422 2275 1550 2318 chips.
1568 2275 1617 2307 M.
1648 2280 1708 2306 aut
1734 2275 1869 2305 vinosos
1908 2272 1977 2316 ch.
2014 2278 2077 2304 aut

1186 2119 1304 2139 occasu
1341 2106 1410 2148 ch.
1451 2107 1512 2138 sub
1538 2118 1692 2138 occasum
1718 2106 1849 2149 chiPS.

1185 2334 1258 2364 sine
1282 2332 1352 2362 cibo
1371 2332 1503 2375 ejLips.
1526 2331 1572 2363 M.
1597 2331 1771 2362 scolastici
1786 2330 1918 2360 saturis
1940 2328 2084 2371 cjuotl..

1188 2389 1286 2420 auris
1327 2399 1395 2419 om.
1428 2388 1498 2419 AJ.
1528 2388 1615 2418 viris
1647 2387 1790 2417 auribus
1828 2386 1939 2427 princ.
1974 2384 2083 2427 fartis

1187 2444 1331 2475 auribus
1365 2443 1436 2487 ch.
1470 2443 1582 2474 solida
1619 2442 1707 2485 dape
1751 2453 1837 2485 aque
1886 2436 1938 2482 (p.
1971 2436 2083 2475 452.)

1189 2501 1299 2543 princ.
1317 2505 1418 2543 atque
1430 2500 1498 2531 ebr.
1517 2499 1698 2540 JJ'opma
1715 2498 1868 2528 l'cstucae
1884 2495 2083 2540 cherlach,

1187 2556 1319 2599 festiva
1342 2556 1411 2599 ch.
1436 2556 1619 2599 consur-flia
1638 2565 1702 2584 om.
1722 2554 1793 2596 ch.
1823 2554 2001 2584 Libberum
2021 2563 2084 2595 pro

1191 2613 1254 2643 W.
1278 2612 1435 2642 Liberum
1459 2614 1538 2642 ante
1548 2611 1594 2646 A,
1618 2610 1709 2651 [ηδ-«Ι.
1732 2611 1797 2640 iter
1821 2615 1862 2640 tr.
1886 2609 1994 2652 princ.
2022 2609 2082 2639 ite-

1191 2680 1265 2698 rum
1293 2666 1408 2699 1480.
1435 2679 1508 2698 cum
1534 2677 1600 2697 om.
1620 2666 1690 2697 AJ.
1716 2678 1789 2708 cap.
1810 2666 1947 2709 gibbero
1972 2663 2084 2696 AJM.

1191 2724 1392 2754 accedebant
1409 2725 1454 2755 A.
1473 2729 1562 2754 auct.
1582 2723 1754 2754 Varronis
1772 2722 1842 2754 AJ.
1858 2733 1890 2764 p.
1909 2719 2002 2756 256,
2021 2719 2084 2752 25-

1194 2785 1307 2822 operto
1335 2780 1372 2816 L,
1385 2778 1455 2811 AJ.
1481 2779 1577 2809 reicit
1597 2790 1652 2809 reo
1677 2779 1806 2809 ieiunio
1833 2779 1943 2821 princ.
1968 2778 2031 2808 viI·
2054 2787 2085 2810 10

1194 2835 1295 2866 licum
1315 2835 1351 2872 J,
1369 2835 1514 2877 Popma.
1537 2833 1647 2865 Cuius
1675 2834 1753 2865 edd.
1778 2834 1824 2864 ii.-
1843 2834 1954 2864 instar·
1978 2831 2084 2863 AJM.
