2174 3267
241 107 333 145 540

242 214 406 250 oninium
429 212 573 262 potitus
602 216 668 246 est.
713 211 898 248 Afranius
923 208 1122 258 Excepto:

243 282 348 335 quod
371 281 474 316 vitae
494 279 687 321 studium,
709 283 781 314 aut
802 278 908 331 quod
929 278 1122 329 praesidi-

243 365 305 387 um
337 350 378 385 in
410 355 607 400 posterum
634 348 736 384 Mihi
769 347 1029 399 subponebas,
1065 360 1124 383 me

240 434 325 458 cum
355 420 477 471 privis
513 419 595 455 tui?
646 419 770 455 Varro
807 418 856 454 ‹h-
891 418 967 454 vita
999 418 1047 454 P.
1074 416 1122 454 R.

239 489 310 527 lib.
334 504 380 525 11:
410 494 452 525 ut
478 494 609 524 noster
635 489 825 525 exercitus
852 488 908 524 ita
935 488 987 523 sit
1008 486 1121 537 {ussa-

239 566 322 602 tas,
362 564 405 595 ut
431 558 539 595 Galli
562 558 710 595 Romae
737 556 920 608 Capitolii
948 557 1028 593 sint
1055 569 1122 608 po-

240 630 322 671 titi,
352 641 478 682 neque
504 628 595 664 inde
623 633 716 664 ante
735 640 803 664 sex
826 640 976 663 menses
996 638 1124 676 'qesse-

242 707 288 736 20
303 699 397 735 rint.
428 697 657 749 Significatu
678 697 729 734 ad
746 697 975 747 genitivum,
995 697 1036 732 in
1052 709 1122 746 po-

242 772 423 805 testatem
454 767 571 804 venit.
627 766 792 803 Plautus
819 765 1016 817 Captivis:
1060 765 1124 802 ille

240 838 342 874 alter
372 836 519 888 potitus
553 836 673 872 hostis
706 841 774 872 est.
831 835 1047 873 Sallustius
1082 835 1122 871 iu

239 905 454 956 Iugurthae
483 905 612 942 hello:
649 911 692 942 ut
716 906 948 958 priusquam
976 904 1123 955 leqatos

239 978 475 1019 conveniret,
503 975 742 1012 Adherbalis
763 977 970 1028 potiretur.
1010 974 1123 1011 Idem

240 1048 278 1084 in
314 1047 473 1083 eodem:
509 1058 605 1096 ayer
638 1050 768 1082 autem
801 1045 939 1081 aridus
972 1049 1009 1081 et
1039 1043 1125 1095 f'ru·

236 1130 327 1168 qum
347 1127 506 1152 vacuus.
533 1114 588 1152 M.
605 1114 766 1151 Tullius
781 1114 829 1150 dc
843 1113 1073 1151 Officiislib.
1091 1127 1123 1150 1:

241 1186 337 1223 haec
365 1191 457 1223 sunt
494 1198 614 1238 opera
639 1185 773 1236 mayni
797 1185 920 1221 animi
947 1189 984 1220 ct
1007 1183 1126 1220 excel-

238 1256 352 1293 lentis
381 1262 418 1292 et
451 1255 791 1309 prudentiaequae
816 1254 1051 1307 consilioque
1076 1252 1124 1302 s-

241 1326 378 1363 dentis.
414 1325 544 1363 Idem:
574 1327 741 1362 omnium
760 1330 888 1362 autem
908 1338 1053 1367 rerum,
1080 1336 1126 1360 ex

240 1394 377 1449 quibus
403 1395 555 1447 aliquid
574 1394 818 1447 adquiritur,
846 1393 943 1430 nihil
965 1399 1021 1429 est
1036 1392 1128 1442 aqri

241 1465 397 1503 cultura
412 1464 557 1501 melius.
572 1464 684 1513 Virg.
694 1463 794 1500 Aen.
805 1462 873 1500 lib.
885 1476 896 1498 1
908 1477 915 1498 :
927 1463 1127 1512 inplentur

242 1543 288 1573 30
308 1535 448 1571 veteris
464 1533 616 1571 Bacchi
629 1533 865 1585 pinguisque
876 1532 1042 1582 ferinae.
1065 1531 1122 1570 Μ.

239 1604 399 1642 Tullius
425 1605 466 1641 in
499 1603 735 1640 Hortensio:
774 1608 811 1639 et
837 1603 907 1656 qui
928 1607 1125 1652 expectat,

234 1674 381 1727 pendet
406 1674 550 1717 animi;
586 1672 681 1727 quia
708 1685 872 1723 semper.
899 1671 994 1726 quid
1018 1670 1125 1722 ficta-

238 1758 325 1781 rum
351 1745 415 1788 sit,
444 1744 633 1780 incertum
658 1748 728 1779 est.
780 1741 909 1779 Varro
939 1741 1123 1778 Eumeni-

239 1814 375 1852 dibus:
406 1826 473 1865 eqo
487 1817 634 1856 autem,
657 1813 726 1865 qui
748 1824 868 1848 essem
884 1811 1025 1864 plenus
1044 1811 1126 1848 vini

240 1881 294 1935 (p.
318 1878 439 1928 499.)
477 1889 514 1919 et
553 1882 730 1919 Veneris.
773 1881 841 1918 Sic
877 1881 1122 1931 desipiebam

237 1954 382 1992 mentis
412 1967 484 2004 pro
515 1957 646 1989 mente
669 1951 926 2001 desipiebam.
957 1950 1122 1987 Plautus

237 2024 428 2075 Epidico:
472 2021 705 2076 desipiebam
737 2022 894 2063 mentis,
937 2035 1022 2058 cum
1053 2020 1121 2057 illa

236 2093 383 2130 scribta
418 2093 620 2129 mitterem.
678 2091 746 2128 Sic
780 2091 888 2127 mille
932 2104 1120 2129 annorum

237 2163 392 2205 vivunt,
423 2175 496 2211 pro
528 2160 636 2197 mille
665 2160 776 2197 aunis
801 2161 948 2197 vivunt.
999 2161 1119 2198 Plau-

237 2237 300 2269 tus
323 2231 473 2269 Milite:
505 2231 574 2284 qui
591 2229 693 2266 mille
717 2243 911 2267 armorum
931 2235 1120 2283 perpetuo

235 2303 389 2345 vivunt,
431 2300 486 2337 ad
521 2300 674 2336 saeculo
711 2313 785 2349 pro
822 2300 877 2336 ad
910 2300 1117 2337 saeculum.

237 2399 319 2442 ch.
346 2397 503 2429 Freinsh.
536 2398 694 2428 cesserint
727 2396 855 2438 chips.
887 2397 1037 2439 Popula,
1068 2399 1117 2430 M.

235 2468 272 2491 20
293 2453 453 2486 Freinsh.
474 2452 654 2497 Significat
674 2453 710 2483 id
726 2465 759 2496 y.
777 2453 856 2495 ch.
873 2454 991 2494 potins
1011 2454 1119 2484 hostis

236 2508 286 2555 (p.
303 2506 411 2543 499.)
429 2510 491 2540 VV.
506 2509 692 2551 prudentia
712 2521 816 2552 acque
835 2509 903 2540 An).
921 2510 963 2540 ab
983 2511 1119 2541 saeculo

236 2567 281 2598 ad
309 2567 481 2597 saeculnm
509 2565 553 2595 M.
589 2564 720 2595 Titium·
750 2566 814 2595 W‘.
851 2567 1001 2596 ''arcato
1027 2565 1116 2597 msJ.

236 2629 353 2654 aratro
369 2620 487 2653 1476.
499 2621 545 2652 Α.
572 2620 744 2651 Barnun-0
757 2620 791 2651 «l.
815 2622 966 2652 Barbam
980 2621 1029 2652 M.
1049 2633 1116 2652 am-

236 2679 358 2711 bitioni
387 2678 546 2708 virtulem
574 2674 689 2707 1476.
716 2678 893 2707 ambitioni
923 2678 1048 2708 virtuti
1072 2678 1117 2708 A.

235 2735 447 2766 ecvnln'n'mwm
467 2731 663 2763 virtuti-llll.
674 2732 756 2774 qnia
775 2737 830 2763 luo
839 2733 885 2763 M.
900 2733 1028 2762 Accius
1037 2733 1118 2763 Mel.

239 2802 271 2824 ιο
285 2790 340 2821 A«)
349 2791 392 2820 M.
417 2789 508 2830 rirfsi
521 2788 582 2818 W.
596 2793 804 2828 praeponatis
812 2801 828 2817 ι·
840 2789 934 2829 rugel,
948 2790 996 2820 Μ.
1011 2789 1069 2819 scd
1077 2787 1115 2830 si!

235 2850 314 2877 ante
329 2846 360 2877 .l.
379 2846 578 2875 miscreatur
596 2842 789 2885 chFaber.
812 2845 1035 2875 „riser-eantur
1047 2845 1115 2876 Du-

889 101 1098 139 NOMUS
1131 100 1395 139 MARCELL
1403 102 1465 139 Us

1966 209 2016 246 Ti
2023 211 2067 246 ti-

1190 276 1276 312 nius
1302 276 1486 313 Yam-ato:
1515 278 1580 315 ubi
1602 278 1806 315 ambitione
1830 278 1987 315 virtutis
2011 280 2067 315 υἰ-

1242 207 1454 244 nativus
1499 223 1571 259 pro
1611 209 1909 245 accusativo.

1188 346 1283 382 (lctis
1309 345 1560 390 antecedet-(33
1599 362 1669 398 pro
1699 349 1882 386 virtutem
1910 352 2067 386 antece-

1190 415 1296 451 dere.
1339 415 1505 452 Plautus
1534 416 1801 456 Truculento:
1832 419 1926 470 quia
1943 423 1985 454 tu
2006 431 2068 454 ve-

1188 485 1366 521 stimento
1391 490 1427 521 et
1454 484 1534 521 cibo
1559 486 1694 522 alienis
1721 487 1833 523 rebus
1860 500 1988 524 curas.
2023 496 2066 524 1⁰

1189 555 1315 592 Altius
1338 555 1568 604 Meleagro:
1599 557 1705 592 cuius
1726 558 1885 593 exuvias
1906 563 1943 594 et
1964 570 2068 594 coro-

1189 637 1280 661 nam
1303 624 1392 661 hnic
1416 627 1635 662 muneravit
1657 627 1814 676 virgini.
1855 627 1910 664 Μ.
1938 627 2068 664 Tulli-

1191 707 1235 731 us
1262 693 1311 730 dc
1329 693 1390 731 Re
1413 694 1571 744 publica
1593 695 1660 732 lib.
1678 709 1759 732 1111:
1788 710 1857 733 nec
1880 710 1970 733 vero
1989 711 2069 734 ma·

1187 763 1345 800 liet-ibus
1364 764 1589 816 praefectus
1615 770 1843 815 reponatur,
1876 768 1946 818 qui
1964 767 2073 818 apud

1191 832 1335 870 Grecos
1375 835 1508 870 creari
1551 834 1670 878 solet3
1716 835 1786 871 sed
1821 835 1874 871 sit
1916 849 2073 879 censor,

1189 904 1259 956 qui
1303 903 1407 938 viros
1450 903 1587 940 doceat
1633 904 1832 940 neoderari
1871 904 2069 941 uxoribus.

1190 971 1402 1009 Sallustius
1431 973 1627 1010 Catilinae
1657 973 1784 1009 bello:
1814 973 1922 1010 brevi
1947 975 2072 1026 spatio

1188 1042 1355 1093 legiones
1394 1056 1553 1079 nwuncro
1595 1043 1789 1080 hominum
1830 1044 2073 1096 expleverat,

1191 1125 1275 1150 cum
1308 1114 1415 1149 initio
1444 1126 1521 1148 non
1554 1113 1717 1165 (ineptius
1749 1113 1894 1150 duobus
1922 1115 2073 1151 milibus

1189 1182 1398 1220 habuisset.
1452 1182 1630 1219 Lucilius
1659 1183 1726 1220 lib.
1751 1197 1863 1221 xxv1:
1903 1186 1941 1222 si
1962 1186 2072 1223 mise-

1190 1258 1336 1289 rantur
1366 1266 1408 1288 se
1435 1254 1528 1305 ipsi,
1564 1253 1651 1290 vide
1676 1253 1742 1290 Ne
1769 1254 1920 1291 illorum
1951 1268 2073 1292 causa

1189 1323 1389 1373 superiore
1425 1322 1506 1359 loco
1543 1324 1768 1360 conlocavit.
1839 1324 2071 1362 Terentius:

1188 1390 1310 1442 facite
1336 1394 1407 1435 ita,
1438 1398 1480 1429 ut
1508 1392 1611 1428 vobis
1633 1393 1775 1442 placet.
1814 1393 1925 1431 Idem
1958 1396 1996 1431 in
2024 1403 2070 1433 20

1190 1461 1360 1499 Andria:
1390 1462 1542 1498 interea
1564 1462 1701 1499 mulier
1719 1464 1912 1516 quaedam
1933 1464 2073 1501 abhinc

1189 1531 1401 1567 triennium
1431 1529 1498 1567 Ex
1529 1531 1670 1568 Andro
1700 1533 1955 1583 conmigravit
1984 1534 2073 1572 lmic

1421 1601 1551 1638 Varro
1579 1601 1629 1638 (le
1655 1602 1734 1638 vita
1759 1602 1803 1639 P.
1827 1602 1877 1641 R.
1903 1602 1971 1640 lib.
1993 1618 2071 1640 1111:

1189 1676 1300 1707 tanto
1330 1684 1450 1723 porro
1482 1672 1624 1708 invasit
1659 1672 1854 1723 cupiditas
1885 1673 2073 1711 honorum

1188 1601 1365 1638 viciniae.

1185 1740 1404 1793 plerisque,
1439 1745 1482 1777 ut
1510 1741 1569 1777 vel
1603 1740 1748 1778 caelum
1786 1755 1924 1787 ruere,
1962 1744 2073 1781 modo

1188 1811 1459 1861 maqistratmn
1489 1810 1786 1862 adipiscantur,
1823 1817 2016 1864 exoptent.

1241 1880 1569 1918 Accusativus
1612 1895 1685 1932 pro
1727 1882 1965 1931 genitivo.
2016 1884 2071 1922 M.

1190 1949 1350 1986 Tullius
1379 1950 1428 1986 (le
1460 1949 1612 1987 Officiis
1644 1951 1712 1988 lib.
1744 1965 1790 1988 11:

1187 2032 1255 2055 nes
1279 2020 1434 2056 cruenti
1455 2020 1608 2057 hastam
1636 2021 1742 2058 illam
1767 2029 1968 2060 cruentam
1994 2037 2069 2061 me-

1832 1953 1924 1990 dum
1952 1953 2070 1991 homi-

1186 2089 1371 2126 minerint
1400 2095 1438 2126 et
1460 2090 1687 2141 sperabunt.
1719 2092 1913 2143 Virgilius
1935 2094 1974 2130 in
1990 2093 2069 2131 Bu-

1187 2160 1340 2197 colicis:
1370 2160 1541 2197 alternos
1564 2161 1707 2198 Musae
1732 2163 1946 2200 meminisse
1970 2164 2069 2201 vole-

1185 2230 1292 2267 bant.
1325 2229 1490 2266 Plautus
1508 2229 1752 2267 Cistellaria:
1773 2234 1976 2269 meminere
1992 2232 2068 2283 off-

1185 2301 1285 2336 cium
1308 2313 1431 2336 suum.
1460 2298 1512 2336 Et
1532 2299 1793 2338 Menechmis:
1818 2308 1998 2355 propter·
2021 2312 2066 2341 30

1184 2409 1231 2428 sa.
1251 2409 1354 2427 causa
1371 2409 1405 2428 se
1416 2397 1533 2440 priore
1550 2398 1620 2428 Ioco
1639 2396 1833 2439 chFaber.
1853 2398 2066 2429 collar-averit

1183 2453 1254 2485 AJ.
1278 2454 1410 2485 Terent.
1431 2452 1585 2495 Adclsis:
1612 2458 1649 2483 nt
1673 2453 1765 2483 vobis
1789 2453 1868 2495 cjsll.
1893 2455 1985 2485 vobis
2012 2455 2065 2485 di·-

1183 2516 1242 2539 cet.
1267 2509 1360 2540 Idem
1383 2511 1463 2541 edd.
1493 2512 1630 2551 praeter
1652 2510 1761 2551 princ.
1793 2515 1890 2540 tanta
1914 2522 2015 2551 porro
2032 2523 2068 2545 20

1184 2566 1264 2597 cdd.
1295 2570 1435 2607 praeter
1464 2566 1574 2607 princ.
1610 2568 1644 2595 ct
1662 2566 1708 2596 M.
1740 2577 1847 2603 rncrc,
1871 2566 1948 2597 dum
1972 2567 2068 2599 modo

1183 2633 1270 2663 rnuy.
1301 2622 1339 2654 L.
1368 2622 1479 2664 princ.
1511 2621 1581 2651 AJ.
1618 2622 1792 2664 l'irjlilins
1820 2635 1849 2664 p.
1878 2621 1977 2659 524,
2002 2622 2065 2655 15.

1183 2689 1254 2707 cum
1273 2678 1354 2707 illos
1367 2689 1444 2706 rem.
1465 2676 1575 2707 AJM.
1595 2677 1681 2707 libro
1695 2677 1875 2709 dccimoA.
1894 2674 1942 2721 (p.
1955 2678 2067 2714 500.)

1183 2733 1340 2763 misereor
1358 2731 1474 2764 1526.
1490 2732 1523 2762 -Ι,
1536 2732 1657 2762 lierni.
1679 2732 1800 2774 felices
1818 2735 1947 2766 scilicet
1971 2737 2065 2766 ἰη’-νε-

1183 2788 1250 2817 reri
1274 2800 1301 2818 s.
1336 2787 1451 2817 simlia»
1485 2790 1560 2817 noio
1590 2788 1658 2830 ch.
1700 2801 1753 2820 eos
1780 2801 1821 2820 m.
1860 2792 2062 2822 rmniniscm·¹

1185 2843 1271 2875 Idem
1299 2844 1471 2874 dent-adis·
1497 2850 1555 2874 nn!
1575 2844 1686 2875 Decio:
1723 2858 1762 2875 m.
1781 2857 1807 2876 s.
1826 2852 1878 2876 ast
1904 2847 1941 2877 id
1962 2859 2014 2878 eos
2033 2859 2061 2876 ι’.
