2174 3267
226 202 364 231 xxvnl

226 305 367 349 tinum
405 319 500 347 nro.
538 297 694 356 7667,
738 298 782 341 in
819 313 911 358 quo
946 303 1096 340 tamen
1131 294 1334 341 desectus
1369 302 1439 340 est
1474 312 1516 356 p.
1552 292 1674 353 214,
1708 291 1931 351 9—2'2,
1968 291 2049 339 10.

227 382 375 429 Paulo
410 380 661 426 accuratius
697 378 752 424 de
786 376 855 422 his
889 375 1016 422 libris
1052 382 1098 421 ct
1132 374 1187 421 de
1222 377 1380 421 ceteris
1416 375 1653 433 Parisinis,
1695 392 1811 438 quos
1843 375 2052 422 undecim

227 460 605 511 NVunderlichius
641 464 901 517 enumerat,
948 473 1248 519 exponerem,
1295 458 1379 501 nisi
1419 456 1496 501 Fr.
1542 456 1762 514 Diilmer,
1807 473 1833 500 a
1875 473 1946 501 me
1980 472 2052 502 ro-

228 552 377 609 gatus,
420 550 471 588 ut
506 544 779 606 optimorum
812 539 945 586 codd.
963 540 1110 585 Paris.
1146 537 1431 585 collationem
1464 540 1509 583 in
1544 545 1748 584 nostrum
1784 554 1914 582 usum
1948 553 2053 583 con-

227 627 409 684 ficeret,
455 624 543 671 hoc
596 642 757 669 munus
804 624 1073 686 deprecatus
1125 628 1272 680 esset,
1318 622 1442 684 quod
1476 624 1563 667 iam
1608 629 1741 667 antea
1777 621 1855 666 Fr.
1885 617 2054 665 Linde-

227 725 393 754 manno
428 706 546 752 hanc
581 723 767 769 operam
802 706 1098 768 praestitisset.

360 791 434 836 De
456 807 619 836 novem
645 788 895 845 Vaticanis,
930 784 1093 847 quibus
1129 787 1176 830 in
1199 785 1432 833 Ciceronis
1456 787 1724 849 fragmentis
1760 783 1815 830 de
1834 782 1953 846 Rep.
1989 800 2057 829 re·

228 871 464 918 stituendis
488 888 595 915 usus
621 876 690 914 est
713 870 887 926 Maius,
922 867 1002 912 cfr.
1028 868 1121 912 eius
1145 867 1283 912 Praef.
1311 868 1369 913 ad
1393 868 1486 915 Cic.
1515 868 1571 914 de
1594 869 1713 929 Rep.
1747 885 1790 929 p.
1807 866 1965 911 [ΧΠ.
1988 864 2057 911 ed.

228 955 401 1000 Moser.
437 960 481 998 et
497 971 539 1015 p.
558 949 678 996 550.
695 946 813 994 554.
852 955 897 994 et
921 965 966 1008 p.
984 945 1070 1006 75,
1104 947 1180 993 ubi
1201 947 1468 994 Urbinatem
1490 948 1756 1011 praeclarum
1776 947 1894 992 dicit.
1930 946 2058 1004 Quo-

227 1052 326 1079 rum
363 1034 418 1078 de
451 1033 711 1095 integ-ritate
747 1030 835 1076 hoc
869 1046 1007 1077 unum
1042 1030 1150 1073 satis
1187 1031 1270 1074 erit
1305 1028 1498 1088 dictum,
1533 1029 1767 1075 Ciceronis
1801 1029 2058 1075 testimonia

227 1134 270 1178 p.
306 1113 430 1172 575,
465 1112 548 1159 24.
582 1120 627 1159 et
659 1110 784 1168 469,
822 1108 902 1155 14.
939 1127 996 1155 ne
1031 1111 1075 1154 in
1109 1127 1202 1156 uno
1237 1110 1420 1173 quidem
1455 1118 1646 1156 exstare.

354 1195 483 1241 Idem
529 1193 587 1240 ad
633 1193 726 1240 Cic.
773 1192 922 1237 locum
972 1209 1016 1253 Ρ.
1053 1189 1175 1249 155,
1212 1189 1294 1237 15.
1339 1191 1453 1237 duos
1499 1192 1832 1238 Amlirosianos
1868 1208 2061 1237 comme-

227 1285 390 1336 morat,
425 1294 540 1340 quos
576 1278 620 1320 in
655 1281 857 1321 nostram
893 1273 1085 1336 gratiam
1120 1273 1292 1317 iuvenis
1321 1271 1544 1318 litteratus
1588 1273 1816 1319 nonnullis
1850 1273 1962 1319 locis
1997 1274 2061 1317 in-

228 1362 377 1424 spexit
407 1377 534 1423 aeque
566 1375 619 1404 ac
635 1358 841 1404 Venetos
872 1354 1005 1414 duos,
1030 1354 1110 1400 sed
1133 1372 1211 1402 eos
1232 1354 1400 1414 futiles,
1434 1355 1615 1401 mutilos
1636 1363 1680 1402 et
1701 1364 1940 1419 corruptos
1962 1373 2061 1402 esse

230 1444 458 1506 cognovit.
523 1443 598 1487 De
633 1439 818 1502 reliquis
852 1437 977 1483 libris
1015 1436 1159 1483 MSS.
1209 1436 1372 1500 quibus
1405 1438 1585 1496 Iunius,
1621 1437 1847 1501 Scaliger,
1883 1439 2061 1484 Turne-

229 1527 341 1583 bus,
375 1525 566 1570 Ursinus
601 1521 869 1580 utebantur,
913 1519 1022 1565 nihil
1057 1521 1166 1566 certi
1212 1520 1296 1565 dici
1332 1527 1508 1582 potest,
1552 1538 1701 1584 neque
1737 1521 1793 1568 de
1841 1520 1945 1567 cod:
1972 1522 2062 1566 Ar-

230 1608 377 1667 naldi,
429 1609 507 1671 qui
550 1606 788 1669 aliquoties
833 1606 878 1650 in
926 1604 1029 1650 edit.
1070 1601 1223 1649 1585.
1259 1605 1436 1662 citatur,
1472 1612 1516 1649 et
1550 1603 1604 1650 de
1639 1603 1756 1650 libro
1790 1603 2063 1660 Elnonensi,

232 1709 366 1754 quem
403 1690 564 1736 Carrio
600 1688 777 1746 laudat,
820 1686 987 1744 habeo,
1031 1685 1154 1749 quod
1191 1685 1348 1730 dicam.
1417 1687 1613 1732 Pessimi
1647 1688 1846 1731 omnium
1878 1685 2063 1748 Neapo-

230 1774 357 1818 litani
400 1769 474 1831 (de
521 1772 684 1834 quihus
731 1771 810 1815 csr.
844 1768 1036 1814 Iannelli
1073 1767 1217 1814 Catal.
1264 1767 1385 1811 Bibl.
1418 1769 1523 1813 Lat.
1557 1767 1703 1814 MSS.
1738 1767 1888 1814 Musei
1917 1766 2063 1813 Borb.

233 1852 387 1901 1827.
433 1872 475 1916 p.
508 1851 591 1898 21.
627 1860 671 1897 et
706 1846 807 1909 25.)
843 1857 937 1894 tum
977 1848 1121 1894 codex
1151 1847 1462 1894 Dorvillianus
1499 1849 1631 1911 eique
1663 1848 1928 1907 simillimus,
1958 1847 2066 1894 olim

232 1936 470 1982 Palatinus
518 1951 637 1979 nunc
670 1932 939 1988 LeidensiS,
987 1940 1086 1976 esse
1132 1929 1369 1988 videntur,
1418 1926 1492 1988 (de
1533 1929 1696 1993 quibus
1733 1930 1812 1975 cfr.
1846 1931 2064 1976 Reuvens

234 2036 278 2081 p.
301 2016 418 2062 188.
443 2015 658 2072 Ὴ711116ῃ,
682 2013 848 2061 Gesch.
872 2012 913 2057 d.
935 2010 1147 2058 Heidelh.
1168 2010 1290 2056 Bibl.
1316 2029 1359 2074 Ρ.
1380 2007 1517 2070 190.)
1546 2013 1623 2074 qui
1641 2029 1797 2057 omnes
1824 2010 1939 2057 Saec.
1953 2010 2063 2058 XV.

236 2100 391 2162 scripti
426 2105 470 2143 et
502 2097 559 2141 ab
597 2094 804 2142 omnibus
835 2093 1019 2155 reliquis
1059 2091 1185 2137 libris
1232 2110 1286 2139 6ο
1335 2099 1439 2137 sunt
1486 2091 1677 2151 diversi,
1720 2091 1870 2156 quod,
1913 2109 2065 2138 rerum

237 2181 394 2228 ordine
431 2185 620 2235 mutato,
654 2177 902 2222 litterarum
941 2174 1144 2220 ordinem
1180 2181 1442 2237 sequuntur.

364 2261 794 2323 Antiquissimarum
829 2255 1075 2302 editionum
1110 2256 1206 2302 sere
1241 2255 1389 2300 nullus
1425 2263 1494 2301 est
1526 2273 1633 2301 usus
1666 2256 1712 2300 in
1735 2254 1887 2301 Nonio
1916 2271 2066 2301 emen-

240 2342 403 2391 dando.
468 2342 532 2389 Et
566 2341 779 2403 princeps
824 2336 1005 2401 quidem
1054 2339 1252 2383 omnium
1286 2338 1650 2399 corruptissima,
1698 2354 1834 2401 quam
1861 2338 2064 2399 Pompo-

239 2428 337 2471 nius
372 2425 528 2469 Laetus
563 2423 723 2467 Roma}
772 2421 892 2483 typis
939 2418 1131 2481 Georgii
1173 2419 1300 2464 Laur
1347 2418 1402 2464 de
1436 2418 1680 2482 Herhipoli
1722 2436 1842 2465 anno
1887 2420 2064 2464 circiter

242 2503 393 2550 1470.
429 2503 547 2549 foliis
583 2501 699 2547 157.
746 2500 1088 2563 imprimendam
1137 2502 1319 2546 curavit.
1386 2501 1458 2545 Ea
1491 2502 1686 2563 repetita
1721 2507 1790 2547 est
1833 2517 1872 2545 a.
1908 2497 2062 2545 1471.

239 2588 335 2633 sine
369 2585 532 2631 indicio
564 2584 652 2630 loci
685 2590 762 2628 aut
796 2581 1084 2646 typographi.
1153 2581 1307 2627 Alium
1350 2581 1551 2628 codicem
1585 2583 1789 2645 sequitur
1828 2580 2061 2643 aliquanto

241 2667 521 2716 emendatior
554 2666 688 2712 editio
723 2664 901 2712 Veneta
938 2663 1104 2723 1476,
1153 2680 1286 2727 quam
1332 2665 1541 2726 suspicor
1587 2681 1613 2709 a
1657 2664 1822 2709 Franc.
1857 2661 2062 2708 Rholan-

242 2750 362 2797 dello
398 2756 610 2795 curatam.
679 2749 753 2794 Ex
786 2766 837 2794 ea
875 2747 1204 2793 descenderunt
1237 2745 1466 2808 plurimae,
1513 2745 1653 2791 altera
1693 2745 1881 2791 alteram
1916 2745 2062 2806 expri-

242 2840 430 2892 mentes,
465 2833 619 2895 paucis
654 2833 846 2877 mutatis.
913 2831 993 2877 Eat
1030 2848 1185 2878 omnes
1220 2830 1476 2875 Varronem
1523 2835 1568 2875 et
1603 2829 1791 2874 Festum
1836 2844 1925 2871 una
1960 2843 2061 2871 cum

242 2916 390 2962 Nonio
411 2915 657 2966 continent,
692 2912 814 2976 quod
835 2914 933 2976 quis
953 2914 1207 2971 instituerit,
1246 2910 1444 2959 nondum
1464 2909 1759 2973 exploratum.
1813 2908 1949 2955 Certe
1974 2908 2060 2952 iam
