2174 3267
240 158 329 195 180

230 270 383 316 pectore
400 259 555 311 flumen.
579 258 760 304 Caldum,
771 259 930 295 citatum
940 263 980 296 et
990 259 1118 296 velox.

233 333 360 370 Varro
392 325 489 381 περὶ
516 326 719 380 κεραυνοῦ
731 343 740 365 .·
770 342 853 365 cum
878 329 1039 365 dixisset
1062 331 1116 365 vi-

234 409 280 438 20
306 399 423 442 tulus,
449 412 532 435 ecce
551 398 621 435 tibi
637 398 758 435 caldis
773 397 934 450 pedibus
959 399 1116 452 quidam

231 468 494 506 navicularius
523 468 782 505 semustilatus
814 469 994 520 irrumpit
1015 481 1055 506 se
1075 470 1116 506 iu

231 539 393 577 curiam.

285 608 455 646 cisum
476 612 536 644 est
552 606 714 644 deorum
733 607 985 644 domicilium.
1002 606 1114 658 Virg.

230 679 330 717 Aen.
358 677 430 715 lib.
449 691 531 713 1111:
561 677 708 714 caelum
735 677 804 731 qui
824 677 966 713 vertice
986 676 1111 728 fulcit.

234 749 397 786 Caelum
413 762 545 787 rursus
575 762 650 784 aer.
681 747 736 785 M.
753 747 910 784 Tullius
935 746 983 783 de
1004 748 1114 784 Deo-

229 832 314 855 rum
342 823 478 856 natura
516 818 582 854 lib.
614 831 664 854 11:
694 817 836 854 altiora
867 830 1021 860 eorum,
1048 818 1118 870 qui

229 894 358 925 terras
397 888 567 925 incolunt
602 899 689 931 eas,
723 887 765 922 in
792 885 928 940 quibus
963 899 1034 922 aer
1062 886 1115 923 sit

229 969 370 994 rursus
410 970 456 993 ac
490 962 648 999 tenues,
693 968 809 1009 quum
844 955 1008 999 illorum,
1048 956 1118 1009 qui

229 1031 396 1063 utantur
422 1038 553 1063 crasso
581 1025 686 1062 eaelo
714 1031 834 1078 atque
861 1030 1050 1062 concreto.

281 1095 491 1140 ΟΑιιυυΜ,
528 1096 640 1132 ferox
678 1098 718 1131 et
749 1094 1026 1132 inconsultum.
1055 1093 1111 1132 Μ.

229 1166 388 1204 Tullius
427 1165 476 1203 de
503 1164 654 1202 Officiis
681 1164 749 1201 lib.
771 1178 803 1201 1:
832 1166 886 1202 sic
912 1166 1113 1217 repperias

232 1244 278 1273 30
313 1235 463 1279 multos,
503 1235 639 1288 quibus
665 1234 884 1288 periculosa
913 1240 950 1271 et
982 1234 1112 1271 calida

229 1305 403 1343 consilia.

285 1374 527 1412 nummus
544 1372 700 1418 dieitur,
713 1372 774 1409 cui
785 1385 849 1409 res
863 1372 978 1409 etiam
992 1385 1111 1423 parva

229 1442 384 1481 abunde
400 1447 470 1479 est.
483 1442 592 1491 Vix-g.
607 1441 762 1478 lib.v11:
787 1442 931 1493 patriis
951 1441 1021 1478 sed
1033 1455 1112 1478 vion

230 1508 407 1564 (p.264.)
423 1510 573 1560 etsilius
591 1511 697 1548 arvis
710 1510 932 1548 Contentus.
957 1511 1110 1549 Teren-

228 1582 308 1619 tius
345 1582 386 1619 in
421 1580 630 1618 Eunucho:
669 1581 762 1634 quia
793 1580 934 1634 Neque
962 1586 1005 1617 tu
1034 1595 1111 1618 uuo

230 1664 317 1689 eras
344 1655 537 1694 contenta,
559 1660 684 1703 neque
700 1649 803 1686 solus
822 1649 942 1686 dedit.
992 1649 1110 1687 Luci-

228 1721 305 1758 lius
332 1720 400 1758 lib.
421 1733 524 1758 xxx:
566 1726 603 1757 et
630 1720 664 1756 is
685 1725 723 1756 te
753 1719 924 1756 versibus
960 1720 1111 1757 interea

230 1796 431 1829 contentus
445 1794 584 1826 teneto.
615 1788 673 1826 Μ.
690 1788 849 1828 Tullius
865 1789 914 1826 ad
925 1789 1109 1827 Brutum:

228 1862 284 1898 sic
306 1861 424 1911 iqitur
448 1858 585 1910 faeieS,
613 1864 649 1895 et
676 1872 735 1895 me
759 1864 803 1895 ut
833 1859 993 1903 amabis,
1025 1865 1109 1904 aut,

913 1928 1025 1966 Idem
1059 1930 1109 1966 de

232 2000 384 2038 Officiis
413 1999 481 2036 lib.
499 2013 547 2036 11:
584 1999 625 2035 iu
662 1997 861 2034 brevitatis
897 2011 1017 2035 causa
1048 1998 1110 2049 f'a-

231 1930 326 1984 quid
362 1930 544 1966 contendi
574 1942 672 1972 sum,
705 1928 853 1980 dilz'yes.

230 2070 334 2108 milia
362 2070 532 2106 conteuti
558 2069 697 2105 erimus
724 2081 818 2104 uua.

230 2176 264 2207 p.
277 2162 368 2195 256.
385 2175 456 2194 ecce
480 2163 543 2193 tibi
559 2162 683 2193 calidis
696 2163 758 2194 MS.
775 2162 892 2193 Fabri.
917 2162 993 2194 dix.
1010 2162 1111 2195 Duil-

229 2220 302 2251 lius
314 2219 469 2250 excaldis
485 2214 523 2253 (i.
537 2214 738 2261 e.sr1’9id1'.s)
752 2230 786 2260 p.
801 2217 922 2249 Barth.
940 2231 974 2261 p.
992 2218 1111 2252 1844.

232 2287 249 2307 c
285 2276 350 2307 Ms.
384 2274 487 2305 Helv.
525 2274 621 2304 salso.
667 2274 810 2305 Vitulus
841 2275 982 2317 Popma.
1018 2276 1113 2319 quod

229 2336 282 2363 est
318 2341 485 2372 agnomen
526 2330 810 2371 Pomponiomm.
854 2331 1113 2362 semiustulatus

231 2386 321 2419 585.
363 2386 399 2418 J.
446 2386 555 2416 Palm.
588 2386 732 2428 Popula.
766 2385 877 2418 Goth.
915 2387 1045 2431 irrupit
1075 2388 1112 2418 in

231 2444 360 2475 curiam
392 2441 457 2473 Ms.
488 2441 606 2472 Fabri.
633 2442 760 2484 irrupit
784 2453 818 2472 se
840 2442 885 2472 A.
901 2442 1048 2485 Popma.
1072 2443 1109 2475 J.

230 2500 368 2544 ireqenia
391 2504 423 2529 ct
448 2497 493 2528 ml
517 2497 774 2541 intelli-(lendum
795 2499 931 2541 aptiora
957 2498 1031 2531 Cic.
1048 2499 1110 2531 Or.

229 2556 380 2586 inmolant
406 2554 468 2586 Or.
512 2565 623 2596 purus
652 2554 712 2584 Or.
761 2560 910 2586 concreto
935 2561 1109 2586 contentus

229 2610 395 2647 265‚52.
409 2609 453 2641 Α.
480 2609 643 2641 callidum
654 2610 863 2653 postslumen
879 2610 970 2647 265,
984 2610 1046 2644 19.
1058 2613 1108 2644 A.

228 2662 316 2710 (pag.
333 2663 438 2702 264.)
462 2666 517 2697 luis
540 2672 570 2697 te
596 2666 690 2697 Guil.
712 2667 755 2697 ad
780 2667 886 2698 Mete.
911 2667 951 2700 4.
975 2669 1024 2701 Μ.
1049 2675 1111 2700 aut

227 2735 294 2755 ann.
320 2723 431 2754 Editt.
472 2722 560 2766 quod
584 2722 730 2753 contenti
761 2735 874 2754 sumus
899 2725 946 2755 A.
972 2724 1006 2755 J.
1045 2737 1109 2769 quo

226 2779 270 2811 fr.
306 2778 367 2810 Or.
398 2778 554 2810 Gronov.
587 2779 631 2808 ad
663 2779 775 2809 Plaut.
801 2778 899 2822 capt.
925 2780 958 2812 I.
987 2780 1020 2817 1,
1048 2781 1108 2813 75.

224 2836 374 2880 emisseus
404 2836 466 2867 W.
485 2834 522 2864 L.
548 2833 743 2865 contendere
767 2838 844 2876 post
869 2833 962 2873 260,
979 2834 1038 2868 19.
1058 2837 1104 2868 Α.

229 2905 259 2927 10
284 2893 388 2924 litora
422 2892 483 2923 cfr.
517 2902 548 2934 p.
577 2888 668 2923 253.
692 2889 750 2922 18.
768 2889 859 2923 567.
881 2891 917 2924 5.
950 2892 996 2923 ad
1011 2892 1107 2925 hedis

888 154 1093 191 NONIUS
1122 155 1456 192 MARCELLUS

1233 260 1530 305 commotum,
1570 260 1768 297 festinare.
1815 259 1926 309 Virg.
1959 259 2059 297 Aen.

1180 329 1247 365 lib.
1269 343 1300 365 1:
1329 342 1430 383 quae
1442 331 1631 381 proxima,
1642 330 1758 366 litora
1768 342 1883 366 cursu
1901 328 1996 365 Con-
2014 335 2057 365 10

1181 399 1346 435 tendunt
1362 404 1506 449 petere.
1547 399 1602 436 M.
1624 400 1782 437 Tullius
1816 400 1855 436 in
1882 397 2061 435 Verrinis

1180 468 1336 505 actione
1355 467 1544 504 secunda:
1573 468 1667 505 haec
1687 469 1753 505 ubi
1768 467 1848 516 filio
1879 468 2062 504 mentium

1179 542 1284 581 sunt,
1300 538 1431 574 statim
1450 537 1690 574 exanimatus
1709 538 1764 574 ad
1780 538 1888 574 aedis
1908 543 2061 574 conten-

1179 607 1251 651 dit,
1270 611 1313 643 ut
1336 612 1373 643 et
1383 609 1484 644 vitae
1492 608 1621 659 patris
1643 612 1680 643 et
1693 607 1905 659 pudicitiae
1918 606 2063 643 sororis

1180 683 1437 713 succurreret.
1472 676 1974 720 Contendere,inten‹lere.
2006 674 2061 712 Μ.

1182 745 1341 783 Tullius
1358 746 1398 783 in
1412 746 1649 783 Hortensio:
1677 759 1820 795 maffia
1841 747 1956 783 ctiam
1975 746 2062 782 aui-

1180 817 1235 852 mi
1263 816 1454 852 contentio
1481 815 1706 853 adhibenda
1738 822 1793 852 est
1832 815 2063 862 explicando

1181 884 1411 929 Aristotele,
1438 886 1476 921 si
1500 885 1615 937 leqes.

1235 955 1484 992 CoMrom-:RE
1510 969 1583 1005 pro
1600 954 1806 992 redimere.
1851 953 2064 991 Sallustius

1179 1023 1247 1062 lib.
1267 1038 1295 1061 1:
1329 1026 1423 1079 quin
1447 1024 1601 1061 lenones
1635 1029 1672 1060 et
1704 1024 1850 1060 vinarii
1877 1023 2064 1074 laniique,

1181 1107 1342 1147 quorum
1365 1099 1573 1145 praeterea
1605 1093 1742 1144 vulqus
1771 1093 1813 1129 iu
1845 1092 1926 1130 dies
1954 1105 2065 1129 usum

1179 1163 1312 1208 habet,
1337 1164 1463 1216 pretio
1493 1164 1699 1217 compositi.

1235 1233 1417 1277 Comama,
1441 1233 1664 1271 corradere.
1694 1231 1823 1269 Varro
1852 1231 1892 1268 in
1921 1230 2000 1268 Eu·
2015 1238 2061 1268 20

1177 1302 1416 1339 menidibus:
1454 1301 1629 1352 fio-audo
1676 1307 1806 1338 tamen
1841 1313 1887 1338 ac
1936 1299 2064 1337 morbo

1176 1373 1395 1409 stimulatus
1426 1371 1570 1416 eodem,
1599 1370 1665 1408 Ex
1680 1383 1764 1407 sese
1797 1371 1879 1423 ipse
1913 1370 2066 1424 aliquid

1176 1447 1342 1496 quaerat
1376 1447 1563 1495 cogatque
1600 1441 1741 1493 peculi.
1806 1440 1963 1490 Cogere
2002 1443 2064 1476 est

1177 1526 1330 1563 urgere.
1368 1511 1426 1549 M.
1446 1511 1604 1548 Tullius
1639 1511 1689 1547 de
1715 1509 1866 1547 Officiis
1901 1509 1970 1546 lib.
1999 1524 2061 1546 111:

1177 1581 1370 1632 Dioqenes
1393 1586 1530 1617 contra
1551 1596 1560 1616 :
1588 1594 1681 1616 num
1704 1585 1742 1616 te
1771 1592 1894 1616 emere
1927 1579 2062 1632 coeqit,

1178 1651 1248 1703 qui
1272 1663 1321 1686 ue
1350 1649 1530 1687 hortatus
1556 1650 1713 1703 quidem
1733 1649 1816 1686 est?
1846 1649 2062 1688 Terentius

1175 1719 1216 1755 in
1230 1717 1441 1756 Eunucho:
1470 1718 1654 1756 iubesne?
1683 1718 1804 1763 iubeo,
1831 1732 1919 1771 coqo
1945 1724 2063 1773 atque

1175 1790 1330 1840 impero.
1354 1787 1524 1839 Cogere,
1541 1788 1712 1833 mollire,
1723 1788 1916 1840 subigere.
1932 1788 2061 1826 Varro

1178 1859 1345 1910 Virgula
1377 1859 1524 1896 divina:
1572 1860 1642 1896 sed
1680 1859 1947 1913 pancarpineo
1980 1859 2061 1896 civo

1176 1934 1304 1966 coacto
1331 1928 1561 1966 Libameuta
1593 1929 1724 1981 leqens
1757 1930 1906 1966 caduca
1935 1934 2057 1966 vetus.

1179 2000 1348 2049 Cogere,
1375 2000 1415 2036 in
1437 2013 1553 2036 unum
1577 1999 1780 2048 colligere.
1809 1999 1976 2036 Sisenna
1986 1998 2059 2035 Hi-

1176 2069 1384 2107 storiarum
1397 2069 1464 2107 lib.
1477 2083 1556 2106 1111:
1584 2071 1764 2107 summoti
1780 2075 1816 2106 et
1835 2070 1942 2106 intra
1961 2081 2059 2105 moe—

1175 2165 1213 2195 L.
1237 2163 1282 2194 ml
1306 2165 1336 2194 is
1359 2164 1426 2196 W.
1453 2163 1674 2194 Aristotelem
1698 2162 1743 2195 Α.
1779 2161 1894 2193 1511.
1924 2160 2059 2192 Aristo-

1179 2220 1239 2251 teli
1265 2219 1327 2251 Or.
1351 2220 1448 2263 legas
1473 2219 1517 2251 B.
1545 2220 1648 2262 [eflffl-
1674 2218 1816 2250 Cernere
1841 2215 1933 2254 261,
1959 2216 1990 2247 1.
2008 2215 2057 2249 Α.

1177 2287 1366 2319 componere
1389 2280 1467 2319 post
1492 2274 1584 2312 260,
1602 2274 1668 2307 54.
1686 2276 1732 2306 Α.
1757 2286 1829 2305 cum
1852 2274 1986 2305 lenones
2011 2273 2059 2308 G.

1177 2332 1221 2362 B.
1246 2333 1363 2362 [eomes
1386 2337 1419 2362 et
1441 2331 1590 2362 [tamarit
1615 2332 1657 2362 B.
1682 2331 1743 2362 cfr.
1771 2328 1905 2361 Charis.
1931 2342 1965 2373 p.
1992 2329 2056 2362 58.

1178 2388 1236 2431 qui
1269 2392 1302 2418 et
1335 2398 1400 2418 om.
1437 2388 1611 2431 compositi
1642 2398 1776 2429 crepare
1811 2384 1903 2423 255,
1929 2385 1967 2418 6.
2007 2388 2055 2419 A.

1177 2455 1290 2487 coqere
1312 2449 1393 2484 post
1417 2442 1508 2480 266,
1534 2442 1569 2475 9.
1592 2444 1638 2474 Α.
1672 2443 1734 2474 cfr.
1758 2441 1851 2473 Scal.
1878 2441 1993 2474 Catal.
2019 2454 2056 2477 20

1176 2504 1244 2532 vet.
1275 2511 1331 2542 po.
1366 2513 1400 2543 p.
1436 2499 1526 2531 257.
1562 2498 1660 2541 Couj.
1703 2509 1735 2540 p.
1771 2496 1863 2529 158.
1895 2498 2056 2530 Reuvens

1177 2568 1211 2599 p.
1227 2555 1317 2587 127.
1343 2562 1502 2601 coqatque
1513 2555 1662 2599 periculi
1682 2553 1729 2586 G.
1740 2554 1784 2586 B.
1814 2565 1928 2598 pauca
1942 2555 2012 2586 ocio
2026 2565 2055 2586 c.

1180 2611 1270 2643 585.
1295 2611 1338 2643 Α.
1352 2612 1384 2643 J.
1415 2611 1624 2654 pancarpiue
1647 2611 1740 2641 ocivo
1763 2610 1860 2652 ng.
1895 2611 1998 2641 ocimo
2023 2609 2054 2653 cj

1176 2668 1266 2700 Scal.
1292 2667 1382 2710 conj.
1409 2666 1472 2698 82.
1498 2665 1612 2698 Catal.
1637 2678 1671 2709 p.
1688 2665 1782 2698 254.
1819 2667 1882 2697 cfr.
1908 2677 1940 2708 p.
1962 2664 2056 2702 552.

1179 2724 1237 2756 11.
1264 2724 1342 2754 Pan
1366 2723 1520 2765 carpineo
1546 2723 1616 2754 cibo
1641 2727 1752 2754 coacto
1777 2722 1884 2753 Turn.
1909 2720 1973 2756 29,
1990 2720 2054 2753 20.

1174 2779 1358 2823 prGerlch.
1382 2780 1493 2810 victus
1516 2777 1608 2810 Scal.
1634 2778 1711 2810 Cat.
1736 2791 1766 2821 p.
1793 2777 1883 2809 254.
1907 2779 2053 2820 Popma.

1172 2835 1264 2878 ng.
1289 2846 1388 2866 verus
1401 2834 1445 2866 Α.
1458 2834 1493 2866 J.
1519 2835 1608 2866 veris
1633 2835 1679 2866 ad
1697 2846 1779 2879 quos
1803 2834 1896 2866 Seal.
1915 2846 1946 2877 p.
1960 2832 2052 2869 556,

1172 2890 1206 2923 9.
1235 2903 1329 2922 veras
1345 2886 1411 2925 (res
1427 2891 1542 2923 dicere
1555 2888 1670 2933 paras)
1697 2890 1852 2932 charth.
1874 2902 1904 2933 p.
1926 2888 2027 2921 1844
