2174 3267
1806 221 1902 248 xvu

77 324 183 368 satis
231 320 370 382 polita
416 327 461 366 et
505 319 739 382 eleganter
797 317 914 364 (licta
962 320 1099 365 fuisse
1148 319 1474 382 comprobavit.
1540 322 1698 384 Atque
1743 338 1799 366 cx
1834 338 1903 379 ea,

76 421 175 468 quae
212 410 281 449 est
313 405 359 448 in
393 403 483 449 hoc
519 403 665 464 eapite
702 400 948 447 verborum
983 401 1172 461 electio,
1218 402 1413 448 fortasse
1447 402 1639 461 facilius,
1677 420 1812 465 quam
1847 420 1904 449 ex

72 502 322 548 paucorum
359 484 603 531 verborum
637 484 903 543 insolentia,
948 484 1112 548 quihus
1146 486 1244 547 ipse
1278 502 1386 530 usus
1421 492 1508 543 est,
1543 488 1761 549 cognosci
1802 494 1903 550 pot-

73 566 185 625 erit,
231 572 450 629 quantum
495 565 612 610 illius
650 566 792 610 aetatis
828 567 972 612 oratio
1009 583 1035 610 a
1069 572 1275 611 veterum
1308 566 1579 627 scriptorum
1612 584 1725 628 pura
1761 575 1805 613 et
1838 569 1904 612 in-

72 657 285 712 corrupta
321 647 646 695 consuetudine
682 647 859 693 dicendi
896 649 1149 694 recesserit.
1214 647 1366 706 Quam
1405 648 1522 693 enim
1556 647 1687 692 aliam
1722 666 1901 694 eausam

70 730 209 776 fuisse
244 732 420 789 statuis,
454 731 579 793 qnod
613 737 771 776 auctor
804 731 943 776 verba
978 732 1222 795 antiquari,
1256 732 1459 788 brutum,
1494 731 1714 788 balbutio,
1748 748 1901 794 coquo—

71 831 186 869 men,
222 813 448 869 demoliri,
483 829 720 867 erormtre,
754 829 1000 873 erponem,
1035 829 1199 868 canus,
1233 813 1387 869 cordi,
1433 813 1640 868 causari,
1686 811 1904 867 emm-ahi,

70 896 326 951 contractio,
354 911 377 939 e
410 895 604 957 regione,
629 894 967 954 emancipatum,
996 893 1334 955 formidolosus,
1367 892 1607 956 gratulari,
1641 893 1903 955 qratesteuri,

69 975 302 1035 impotens,
338 974 616 1037 infitiatores,
650 974 913 1031 ηιηῖἰίίηιῖο,
948 974 1132 1036 officere,
1163 980 1311 1034 potus,
1346 973 1541 1031 sodalis,
1576 975 1687 1030 titio,
1721 990 1904 1029 vervex,

69 1057 160 1100 suis
202 1055 450 1119 {equalibus
497 1052 764 1115 explicanda
799 1070 897 1099 esse
934 1055 1123 1111 censuit,
1156 1070 1301 1116 eaque
1336 1053 1528 1099 honesta
1563 1061 1608 1099 et
1642 1071 1758 1099 nove
1786 1053 1904 1097 dieta

69 1155 169 1184 esse
215 1138 481 1183 testimoniis
525 1137 815 1197 antiquorum
861 1137 1133 1197 scriptorum
1180 1134 1411 1179 ostendit?
1477 1135 1541 1179 Et
1585 1135 1673 1181 hoe
1722 1134 1903 1197 quidem

69 1219 257 1266 consilio
292 1221 441 1264 onmia
475 1217 551 1262 illa
586 1216 809 1262 vocabula
844 1217 1066 1262 illustrata
1100 1217 1266 1275 fuisse,
1317 1233 1373 1261 ex
1406 1234 1460 1262 eo
1495 1216 1781 1261 manifestum
1818 1224 1902 1273 est,

68 1300 193 1364 quod
231 1301 365 1346 etiam
400 1301 678 1362 antiquiores
710 1299 954 1347 verborum
988 1301 1177 1358 formas,
1226 1301 1455 1346 abscondit
1488 1317 1573 1362 pro
1609 1300 1903 1355 abscondidit,

67 1385 257 1442 dammi,
292 1385 531 1441 comedim,
567 1390 743 1440 comest,
778 1383 1024 1428 admiscuit.
1052 1413 1099 1417 —
1126 1384 1430 1445 Inscriptione
1466 1382 1624 1443 capitis
1657 1381 1796 1437 sexti,
1848 1381 1903 1425 de

66 1467 339 1527 impropriis,
371 1465 502 1512 facile
539 1466 701 1529 aliquis
736 1466 898 1512 adduci
928 1468 1089 1528 possit,
1122 1474 1172 1511 nt
1206 1473 1352 1528 putet,
1388 1464 1443 1511 (le
1478 1463 1642 1527 quibus
1677 1463 1766 1508 hoe
1797 1462 1900 1508 loeo

67 1549 213 1611 egerit
246 1556 430 1608 auctor,
473 1567 526 1596 ea
570 1549 705 1612 plane
741 1566 840 1595 esse
876 1550 1102 1594 contraria
1136 1550 1269 1611 primi
1305 1549 1462 1611 capitis
1503 1543 1901 1608 disquisitionibus.

67 1628 164 1676 Sed
202 1631 359 1677 eadem
393 1632 489 1677 fere
523 1632 682 1690 huius,
718 1650 817 1695 quae
854 1631 1164 1678 antecedentis
1199 1633 1355 1695 capitis
1395 1638 1462 1677 est
1495 1631 1624 1675 ratio.
1692 1627 1900 1686 Quorum

65 1712 184 1756 enim
227 1712 471 1758 verborum
515 1713 734 1758 translata
781 1713 1051 1776 significatio
1100 1730 1190 1758 suae
1238 1714 1381 1757 {etatis
1432 1710 1689 1758 hominihus
1738 1726 1898 1772 parum

67 1799 188 1838 certa
224 1800 301 1838 aut
332 1796 565 1857 incognita
598 1795 706 1851 fuit,
753 1811 805 1838 ea
838 1793 923 1838 sibi
957 1795 1148 1854 sumpsit
1180 1793 1460 1838 illustranda.
1528 1793 1624 1838 Sed
1658 1791 1754 1836 haze
1788 1808 1899 1853 quo-

66 1891 155 1937 que
190 1877 427 1920 maximam
462 1883 640 1938 partem
674 1883 766 1921 tam
802 1875 1015 1938 vulgata,
1050 1882 1100 1919 ut
1133 1875 1228 1919 iure
1264 1876 1464 1929 mireris,
1501 1871 1625 1934 qnod
1661 1873 1703 1915 in
1736 1872 1788 1915 iis
1824 1888 1897 1915 ex-

64 1956 284 2019 plicandis
318 1958 495 2002 Nonius
531 1975 718 2020 operam
754 1965 797 2003 et
822 1956 1018 2002 studium
1042 1958 1384 2018 consumpserit.
1450 1953 1692 1999 Accedunt
1717 1970 1815 2014 cap.
1838 1953 1894 1996 V.

63 2054 207 2100 pauca
244 2039 300 2083 (lc
332 2040 568 2084 verborum
601 2037 880 2099 differentiis,
915 2036 991 2082 ubi
1027 2036 1260 2082 diversitas
1301 2036 1532 2080 nominum
1571 2041 1616 2079 et
1651 2033 1895 2079 verborum

63 2117 270 2162 similium
305 2120 413 2164 satis
448 2121 558 2164 scite
592 2118 858 2175 illustratur,
893 2136 992 2178 quae
1029 2124 1242 2179 corrupta
1278 2115 1455 2162 dicendi
1479 2115 1760 2162 consuetudo
1789 2132 1894 2160 con-

62 2199 226 2258 fundit,
260 2208 556 2263 separantur,
602 2210 647 2248 et
679 2203 1029 2263 uniuscuiusque
1065 2202 1131 2245 vis
1165 2201 1350 2262 propria
1386 2201 1658 2262 scriptorum
1690 2205 1893 2243 veterum

63 2281 330 2326 testimoniis
366 2283 646 2344 explanatur.
714 2284 769 2328 In
803 2281 953 2327 multis
989 2281 1169 2344 quidem
1193 2288 1351 2326 auctor
1380 2283 1563 2339 erravit,
1600 2280 1744 2325 aliena
1774 2296 1893 2325 com-

61 2363 230 2424 posuit,
266 2363 483 2409 nonnulla
519 2367 664 2410 minus
679 2362 821 2410 ‘reete
858 2363 1085 2419 discernit,
1121 2370 1181 2419 et,
1216 2362 1340 2424 quod
1374 2361 1543 2425 ubique
1578 2362 1673 2407 fere
1695 2359 1891 2405 animad-

62 2444 268 2502 vertitur,
300 2444 402 2507 plus
442 2444 576 2491 docet
609 2445 799 2491 aliorum
835 2443 1052 2505 exemplis
1088 2460 1224 2506 quam
1258 2445 1350 2488 suis
1385 2440 1773 2505 explicationibus.

191 2526 289 2570 Iam
322 2535 372 2571 ut
405 2529 569 2590 primo,
603 2526 820 2585 secundo,
858 2533 1039 2588 quarto,
1074 2526 1232 2587 quinto
1269 2533 1314 2570 et
1348 2532 1477 2570 sexto
1514 2525 1660 2585 capite
1691 2539 1742 2567 ea
1771 2539 1888 2567 com-

61 2606 222 2668 plexus
258 2615 352 2667 est,
397 2626 496 2672 quae
531 2607 588 2653 ad
622 2607 865 2653 verborum
903 2613 947 2651 et
979 2622 1237 2651 sermonum
1270 2606 1622 2669 significationes
1664 2602 1889 2647 illustran-

63 2685 142 2731 das
183 2688 500 2750 pertinebant,
544 2691 604 2733 ita
649 2689 735 2733 III.
781 2688 890 2733 VH.
926 2686 1058 2732 Vffl.
1093 2685 1179 2730 IX.
1214 2686 1275 2730 X.
1309 2686 1396 2730 XI.
1430 2685 1541 2730 XII.
1565 2684 1887 2731 ‘Grammatiea

61 2770 295 2827 tractavit,
330 2769 412 2815 sed
445 2788 503 2816 ne
538 2786 590 2815 ea
625 2768 807 2832 quidem
841 2768 949 2812 satis
985 2766 1204 2828 disposita
1237 2776 1434 2829 apteque
1470 2766 1703 2812 collocata.
1772 2766 1887 2813 Cum

63 2848 182 2892 enim
212 2852 345 2918 tertio
382 2853 544 2913 eapite,
580 2850 705 2914 quod
740 2852 795 2896 cle
828 2849 1082 2895 indiscretis
1114 2848 1348 2909 fiuctibus
1382 2849 1644 2910 inscriptum
1674 2855 1757 2905 est,
1792 2865 1886 2892 rein

64 2928 363 2977 difficillimam
387 2936 627 2995 attigisset,
662 2933 784 2996 quod
816 2935 859 2976 in
882 2933 1006 2976 vario
1030 2931 1208 2990 generis
1231 2948 1313 2974 usu
1335 2948 1498 2992 magna
1526 2937 1590 2974 est
1617 2932 1885 2990 scriptorum

1514 3013 1561 3038 Iu
