2174 3267
388 202 489 241 1111.
544 201 619 240 DE
647 199 823 239 VARIA
852 199 1318 241 SIGNIFICATIONE
1346 200 1674 241 SERMONUM.

107 306 320 353 temeritas,
344 307 517 345 audacia.
558 308 755 346 Pacuvius
785 308 824 345 in
863 307 986 346 Atha-

110 382 154 414 10
175 376 302 414 lanta:
327 376 526 427 qradere,
543 381 662 431 atque
689 383 855 415 atrocem
881 390 985 414 coer-

103 458 190 482 cere
209 444 493 493 confidentiam.
535 446 646 484 Idem
674 446 741 484 lib.
766 460 815 483 x:
846 447 985 497 impro-

103 514 185 558 bus,
209 513 418 564 confidens,
444 529 626 570 nequam,
647 517 770 553 malus
789 516 982 553 videatur.

103 583 310 634 Turpilius
333 583 551 623 Leucadia:
580 586 764 622 videntur
784 584 909 636 frigus
929 588 986 623 in-

102 665 269 697 cessum3
299 667 416 707 quam
439 660 497 691 est
527 654 745 704 confidens!
782 656 826 692 di
861 656 985 693 istunc

96 723 305 775 perduint!
332 723 444 761 Idem
468 724 704 762 Terentius:
736 725 804 778 qui
830 724 893 761 illo
918 725 984 761 ho-

99 794 200 829 mine
219 792 312 829 vivit
333 792 617 842 confidentius?
646 794 791 831 Accius
815 794 857 830 in
871 794 980 846 Myr-

98 861 344 899 midonibus:
372 864 472 899 iram
487 861 668 913 infrenis,
691 863 811 900 obstes
831 864 984 907 animis,

683 933 869 970 Afranius
900 934 983 972 Vo-

99 999 229 1051 pisco:
259 1000 440 1037 excludat
454 1014 552 1038 uxor
572 1007 652 1038 tam
671 1002 907 1053 confidenter
928 1006 983 1041 vi-

99 931 293 982 reprimas
337 930 625 980 confidentiam.

99 1068 217 1106 rum?
246 1069 336 1106 Non
360 1069 493 1119 faciet.
523 1071 632 1121 Vix-g.
649 1070 798 1123 Georg.
818 1072 885 1110 lib.
900 1087 982 1110 1111:

98 1151 192 1176 nam
227 1141 312 1193 quis
350 1146 402 1183 te,
438 1142 615 1177 iuvenum
649 1140 984 1189 confidentissime,

99 1215 256 1245 nostras
283 1208 405 1246 Iussit
434 1210 546 1246 adire
579 1209 739 1246 domos?
769 1210 983 1248 Terentius

101 1285 148 1315 20
176 1278 217 1314 in
247 1277 419 1315 Andria:
458 1280 586 1316 nescio
621 1280 693 1331 qui
723 1291 841 1315 senex
880 1281 983 1317 venit

97 1347 231 1391 modo,-
259 1346 384 1391 ellum,
399 1346 610 1394 confidens,
627 1352 747 1386 catus.
769 1347 982 1385 Confiden-

99 1416 167 1460 tia,
195 1417 428 1454 constantia.
463 1417 522 1454 M.
549 1417 710 1454 Tullius
745 1418 794 1455 de
820 1417 883 1456 Re
910 1433 981 1469 pu-

97 1485 202 1523 blica
238 1486 306 1524 lih.
329 1500 398 1524 111:
427 1487 528 1524 ducas
561 1486 636 1524 sibi
662 1500 745 1531 res,
782 1489 981 1542 quominus

96 1557 139 1592 in
155 1556 292 1607 vulqus
318 1562 355 1594 et
376 1558 418 1593 in
444 1556 529 1604 soro
543 1557 687 1602 dicere,
709 1555 982 1605 confidentiam

98 1630 137 1662 et
156 1639 296 1670 vocem,
327 1626 510 1677 defuisse.
540 1625 713 1663 Naevius
748 1626 788 1662 in
821 1626 980 1664 Danae:

98 1696 242 1732 excidit
258 1696 444 1732 orationis
466 1696 588 1732 omnis
603 1694 849 1744 confidentia.
865 1695 981 1733 Plau-

98 1768 161 1801 tus
187 1765 228 1801 in
251 1764 520 1816 Amfitryone:
549 1778 650 1818 quae
676 1779 754 1801 non
779 1765 983 1818 delinquit,

97 1834 208 1871 decet
235 1833 438 1871 Audacem
464 1847 559 1878 esse,
586 1832 826 1883 confidenter
846 1848 919 1885 pro
942 1847 983 1871 se

99 1909 137 1940 et
160 1908 342 1956 proterve
368 1903 485 1957 loqui.

154 1973 445 2011 CONSTERNARI
484 1972 678 2024 signifieat
714 1972 828 2009 deici.
876 1972 982 2010 Con-

99 2043 268 2081 sternari
285 2056 439 2080 rursum
460 2043 568 2094 erigi.
597 2042 790 2080 Pacuvius
810 2043 850 2079 in
870 2042 981 2080 Peri-

98 2147 312 2190 Confideutia
322 2154 402 2193 post
414 2149 487 2181 261
497 2148 573 2187 ‚50-
588 2149 750 2194 'qramleun
764 2155 863 2193 atque
877 2161 985 2181 coerce

102 2216 135 2242 ιο
145 2205 190 2238 Α.
201 2206 236 2238 J.
250 2205 347 2237 idem.
361 2206 519 2238 Lucilius
530 2207 698 2237 excidisse
718 2205 859 2247 cherc.
873 2207 985 2237 malus

98 2269 132 2294 et
152 2275 294 2307 nequam
320 2262 488 2306 chDusa.
512 2262 625 2293 viden'
650 2267 687 2293 tu
704 2262 830 2305 Fryyis
854 2262 982 2305 chips.

97 2319 185 2351 idem
209 2319 415 2350 heterentius
439 2319 479 2350 L.
507 2318 554 2351 Gr.
600 2318 792 2349 laeter-anam
817 2330 848 2362 q.
879 2316 984 2359 mgG.

100 2376 193 2407 Idem
207 2376 372 2406 Hetaera:
385 2388 464 2407 nam
481 2374 622 2418 cjlzoth.
646 2375 796 2418 infrenes
816 2375 909 2416 ng.
933 2375 983 2407 M.

102 2432 171 2463 irai
185 2432 314 2475 infreni
327 2432 358 2462 si
371 2432 478 2463 obstes
494 2432 600 2463 animi
625 2431 758 2475 ejLipS.
771 2429 809 2468 4,
830 2429 867 2463 8.
895 2432 981 2461 iram

100 2487 299 2523 includant,
320 2488 434 2531 frenis
459 2489 608 2524 obstent,
635 2500 668 2520 a.
701 2488 891 2531 reprimant
912 2488 979 2519 Ms.

100 2554 136 2578 20
151 2544 269 2576 Fabri.
293 2544 382 2576 duas
399 2545 546 2576 Isocrati
561 2557 613 2576 res
630 2544 801 2588 chictor.
815 2544 897 2581 4,4.
915 2544 983 2576 efr-

99 2599 213 2632 Isocr.
238 2600 386 2632 Panath.
416 2600 493 2633 Cic.
520 2600 584 2632 Or.
610 2601 662 2632 ΙΙ.
688 2600 725 2632 5.
766 2598 980 2643 confidenter,

102 2657 311 2687 consternari
333 2655 507 2701 significat
539 2657 628 2688 deici
656 2668 721 2700 pro
744 2669 778 2688 se
812 2653 982 2701 (probrose

101 2708 290 2746 Ms.Fab1·i)
299 2718 331 2743 et
336 2718 515 2757 protervae
527 2714 620 2757 loqui
631 2713 840 2745 consternari
851 2724 983 2743 rursum

103 2766 151 2799 G.
178 2767 217 2798 L.
241 2768 310 2800 W.
336 2769 399 2801 MS.
422 2769 471 2801 Μ.
496 2769 562 2801 BB.
587 2768 678 2802 485.
711 2769 760 2802 Α.
797 2770 863 2801 nisi
887 2770 980 2813 quod

98 2828 255 2868 proterve
285 2824 322 2855 in
355 2825 418 2856 W.
442 2827 490 2857 A.
517 2824 610 2857 485.
634 2827 702 2858 Ms.
721 2825 771 2859 Μ.
796 2825 980 2857 verborum

100 2880 328 2922 transpositio
355 2891 468 2913 errore
484 2882 620 2914 librarii
641 2886 728 2914 orta.
750 2887 982 2914 consternatae

102 2936 223 2971 smirna,
249 2942 482 2979 expectoratae
506 2937 585 2969 haec
609 2940 743 2970 voluere
768 2939 897 2981 chips.
926 2950 979 2979 ep.

1843 203 1930 243 1⁷9

1050 308 1172 347 boea:
1201 313 1452 346 consternare
1488 311 1664 353 animae,
1704 323 1750 347 ex
1774 316 1931 362 pectore

1050 378 1124 416 hac
1156 384 1192 416 et
1229 379 1378 416 volvere
1414 378 1623 416 Consilium
1656 379 1756 417 subit
1789 393 1931 425 omnes,

1050 449 1155 502 quod
1185 449 1234 486 de
1260 454 1358 486 nata
1390 454 1447 486 est
1471 449 1606 493 mod03
1636 448 1717 496 Qui
1739 454 1853 501 paeto
1881 457 1927 486 30

1050 518 1210 555 inimicis
1234 524 1417 561 mortem,
1453 521 1491 554 et
1519 517 1609 554 huic
1632 519 1749 555 vitam
1773 517 1929 570 efferas.

1050 587 1163 624 Idem
1196 587 1433 624 Duloreste:
1474 586 1579 623 unde
1615 587 1818 624 exoritur?
1840 590 1932 642 xquo

1047 656 1243 705 praesidio
1267 655 1422 707 fretus?
1459 655 1617 692 auxiliis
1643 655 1808 709 quihus?
1846 656 1932 705 Quo

1049 725 1203 762 consilio
1249 724 1551 762 consternatur?
1592 737 1675 777 qua
1711 724 1778 762 vi?
1821 729 1932 762 cuius

1050 793 1197 846 copiis?

1102 863 1372 909 Cumncnms,
1403 867 1447 900 ut
1483 863 1727 901 consuetudo
1741 858 1797 914 (p.
1811 858 1932 909 265.)

1049 934 1140 977 fert,
1163 948 1184 970 a
1208 947 1323 971 curru
1344 933 1552 970 diminutio
1580 937 1663 978 est3
1688 932 1832 971 dieitur
1843 932 1932 970 hre-

1053 1002 1251 1040 vissimum
1272 1002 1445 1040 vehiculi
1471 1003 1590 1041 viroti
1619 1016 1753 1053 genus.
1798 1002 1932 1040 Curri-

1050 1072 1177 1117 culus,
1212 1085 1361 1110 cursus.
1403 1072 1532 1110 Varro
1566 1072 1606 1109 in
1637 1072 1821 1123 Epistola
1854 1071 1933 1111 Iuli

1050 1140 1250 1178 Caesaris:
1281 1155 1392 1194 quem
1422 1142 1584 1179 simulac
1614 1142 1776 1180 Romam
1808 1143 1932 1179 venis-

1048 1222 1125 1246 sem
1144 1210 1240 1246 mihi
1255 1210 1385 1261 attiqit
1409 1210 1518 1247 auris
1546 1212 1720 1254 nuntias,
1743 1208 1932 1263 Exemplo

1049 1291 1116 1315 eas
1138 1280 1180 1315 in
1198 1279 1433 1316 curriculum
1456 1279 1602 1316 contuli
1614 1293 1779 1332 propere
1795 1281 1929 1332 pedes.

1101 1347 1314 1384 CALUMMA
1357 1353 1417 1384 est
1448 1348 1644 1385 malitiosa
1683 1353 1724 1385 et
1763 1349 1932 1388 mendax

1048 1416 1262 1454 infamatio.

1101 1486 1364 1531 CONVENIRE,
1400 1486 1575 1537 plaeere,
1601 1486 1854 1525 constituere.
1885 1493 1928 1525 10

1049 1555 1215 1593 Sisenna
1228 1555 1493 1594 Historiarum
1513 1555 1580 1592 lib.
1594 1569 1674 1592 1111:
1693 1556 1845 1607 signum
1858 1569 1931 1593 na-

1048 1631 1131 1663 ctus
1147 1639 1172 1662 a
1184 1626 1310 1678 Papo,
1327 1626 1396 1679 qui
1406 1626 1508 1663 inter
1522 1638 1583 1662 eos
1596 1625 1680 1662 tolli
1686 1630 1930 1663 convenerat.

1100 1695 1315 1733 CALUMNJA
1345 1709 1499 1732 rursum
1526 1695 1733 1733 calliditas.
1760 1695 1817 1733 M.
1831 1695 1931 1733 Tul-

1046 1764 1123 1802 lius
1150 1765 1199 1801 de
1221 1764 1283 1802 Re
1309 1764 1468 1816 publica
1489 1764 1558 1801 lib.
1582 1778 1631 1801 11:
1659 1770 1702 1802 ut
1731 1765 1933 1804 Carneadi

1046 1834 1337 1887 respondeatis,
1363 1835 1434 1887 qui
1457 1845 1571 1883 saepe
1597 1835 1758 1886 optimas
1790 1847 1930 1872 causas

1046 1904 1192 1955 ingenii
1218 1903 1411 1941 calumnia
1438 1901 1636 1951 ludificari
1659 1903 1768 1940 solet.

1102 1973 1288 2011 CALmUM
1315 1976 1376 2010 est
1402 1973 1570 2010 fervens.
1600 1971 1711 2022 Virg.
1729 1972 1830 2010 Aen.
1858 1972 1928 2010 lib.

1047 2056 1154 2080 vnn:
1189 2043 1357 2079 volvitur
1392 2042 1456 2078 ille
1493 2054 1646 2078 vomens
1679 2041 1844 2079 calidum
1879 2043 1929 2080 de

1050 2161 1105 2193 qu.
1130 2148 1173 2185 5,
1198 2147 1260 2180 21.
1300 2153 1531 2179 consternatae
1562 2148 1712 2179 animum
1733 2154 1928 2192 expectora-

1050 2211 1103 2237 tae
1132 2204 1278 2247 chalm.
1307 2217 1341 2247 p.
1363 2203 1452 2236 16⁷.
1475 2206 1581 2236 subiit
1604 2217 1634 2237 o.
1652 2204 1743 2249 quod
1758 2209 1874 2236 natum
1891 2215 1928 2240 30

1049 2267 1100 2293 est
1121 2260 1216 2293 modo
1241 2260 1370 2304 chips.
1401 2266 1453 2292 est
1482 2262 1573 2293 subit
1597 2261 1691 2293 modo
1715 2260 1784 2303 ch.
1818 2273 1928 2293 omnes

1049 2330 1066 2349 e
1102 2329 1137 2348 re
1180 2323 1263 2348 nata
1296 2316 1392 2349 modo
1436 2317 1619 2360 chalmer.
1656 2318 1814 2348 auxilius
1859 2317 1925 2349 W.

1051 2372 1246 2405 Cur-riculis
1269 2374 1335 2405 W.
1358 2374 1482 2417 epit-oti
1503 2374 1576 2405 AJ.
1600 2368 1927 2416 biroti(pag.265.)

1045 2428 1138 2471 ing-J.
1156 2440 1240 2466 cum,
1250 2430 1394 2461 simulac
1403 2430 1549 2472 Popma.
1562 2430 1694 2461 venisse
1706 2429 1748 2461 L.
1763 2430 1808 2462 G.
1825 2429 1925 2463 Guil.

1045 2485 1089 2516 ad
1114 2484 1254 2517 Cist.4.
1278 2486 1327 2517 Μ.
1339 2486 1401 2517 cfr.
1427 2484 1502 2518 Cic.
1529 2486 1574 2517 ad
1598 2487 1677 2518 Att.
1704 2485 1766 2522 15,
1779 2484 1843 2517 47.
1868 2497 1926 2517 ex-

1047 2542 1167 2583 templo
1177 2540 1268 2574 L.G.
1279 2540 1324 2572 A.
1348 2547 1418 2574 ext.
1428 2553 1514 2573 meos
1525 2540 1655 2584 chuil.
1679 2542 1860 2585 infamatio
1872 2553 1924 2572 ca-

1046 2598 1177 2629 lumnia
1201 2596 1292 2635 265,
1319 2597 1379 2630 15.
1405 2598 1452 2630 A.
1477 2599 1652 2630 convenire
1674 2603 1755 2641 post
1772 2596 1865 2635 265,
1892 2607 1925 2632 10

1051 2652 1115 2685 16.
1140 2653 1187 2685 Α.
1209 2655 1361 2698 papippo
1384 2654 1429 2686 B.
1469 2653 1662 2686 Carneadis
1692 2653 1926 2697 respondentis

1048 2708 1075 2741 4
1098 2708 1211 2742 Codd.
1240 2710 1334 2742 Vatt.
1365 2711 1458 2743 solet.
1484 2710 1670 2744 Convenire
1693 2709 1786 2748 265,
1803 2709 1923 2742 lO-A.

1045 2765 1194 2798 calidum
1216 2770 1296 2808 post
1320 2765 1493 2805 271‚25.
1517 2768 1563 2799 A.
1582 2767 1722 2811 flumen.
1749 2766 1926 2799 Callidum

1046 2822 1138 2860 265,
1164 2820 1228 2854 29.
1251 2821 1295 2854 Α.
1321 2823 1471 2854 calidum
1496 2824 1637 2855 citatum
1658 2828 1740 2867 post
1753 2822 1923 2859 265‚51.

1045 2881 1089 2911 A.
1115 2879 1189 2921 περὶ
1213 2875 1418 2922 ἆρχαιρεσιῶν
1441 2879 1526 2912 Cum
1539 2880 1685 2923 Popma.
1712 2881 1775 2911 tibi
1795 2891 1863 2912 om.
1888 2891 1924 2914 20

1045 2936 1080 2968 J.
1108 2934 1197 2967 585.
1220 2936 1365 2978 Popma.
1391 2936 1511 2968 Barth.
1536 2936 1612 2967 dix.
1644 2937 1788 2967 Bibulus
1812 2936 1920 2969 Palm.
