2174 3267
389 177 486 215 1111.
541 176 615 215 DE
645 175 819 214 VARIA
848 175 1308 216 SIGNIFIGATIONE
1338 176 1661 217 SERMONUM.

125 285 282 336 ceperis.
312 283 523 333 Recipere,
551 282 795 333 extinguere,
822 288 996 334 proster-

127 356 173 389 30
202 366 306 390 nere.
335 351 446 403 Virg.
464 351 534 390 lib.
553 365 661 389 vnn:
691 358 809 390 totum
828 355 892 390 cui
911 366 996 390 con—

122 423 245 458 minus
260 433 386 458 ensem
406 421 590 459 Condidit
600 423 833 473 assuryentz,
852 428 890 459 et
902 424 996 460 mid—

121 496 164 527 ta
189 496 308 527 morte
336 491 491 543 recepit.
537 491 735 542 Recipere
761 492 906 529 dictum
938 496 997 529 est

89 607 94 615 Ι
121 559 252 596 datum
271 561 464 612 accipere.
492 560 705 612 Recipere,
721 562 913 612 accipere.
942 561 995 600 M.

122 624 279 665 'Tullius
326 630 375 667 de
409 629 561 667 Officiis
604 629 673 668 lib.
699 644 764 667 111:
807 630 996 681 Cyrsilum

121 693 175 747 (p.
191 693 312 744 584.)
342 699 536 753 quendam
577 700 822 744 suadentem,
870 706 913 737 ut
956 702 996 737 in

117 766 212 803 urbe
254 774 430 805 maneret
480 769 717 822 Xersemque
767 770 995 823 reciperent,

118 835 310 888 lapidibus
342 837 567 875 obruerunt.
608 837 737 876 Varro
767 839 994 888 Meleagris:

118 920 229 960 quem
248 907 390 944 idcirco
420 912 529 944 terra
555 921 632 944 non
662 910 775 959 cepit,
796 914 833 946 et
849 909 995 946 caelum

118 976 264 1027 recipit.
286 976 500 1028 Recipere,
515 990 714 1015 revocare.
733 978 910 1028 Lucilius
926 978 994 1016 lib.

117 1058 286 1082 xxvnu:
313 1048 480 1099 primum
498 1060 544 1083 ex
563 1048 726 1083 advorso
747 1049 783 1084 si
805 1048 910 1101 quod
940 1053 996 1085 est

118 1115 380 1159 caenaculum,
403 1114 489 1162 Quo
507 1116 671 1169 recipiat
693 1122 743 1153 te.
776 1116 994 1168 Virg.Aen.

116 1183 186 1220 lib.
205 1198 255 1220 ll:
296 1186 351 1222 sic
382 1183 521 1236 efficta,
548 1187 692 1236 recepit
713 1185 783 1222 Ad
809 1198 903 1223 sese.
936 1186 993 1223 M.

118 1252 276 1290 Tullius
299 1253 347 1290 de
373 1253 523 1290 Officiis
546 1253 614 1291 lib.
641 1268 706 1290 ul:
735 1255 804 1307 qui
828 1268 912 1291 cum
941 1256 996 1292 ad

116 1322 217 1359 diem
250 1335 290 1359 se
325 1325 557 1374 recepisset,
593 1323 831 1360 admiratum
864 1336 994 1361 eorum

112 1390 230 1440 fidem
257 1397 461 1442 tyrannus.
516 1391 742 1443 Recipere,
786 1396 994 1443 exceptum

119 1468 164 1499 10
191 1462 333 1499 faeere.
350 1462 518 1500 Plautus
532 1451 785 1499 Trinummo:
816 1462 995 1500 ubimmc

115 1531 341 1568 adulescens
366 1531 506 1569 habet?
534 1531 774 1569 Posticulum
796 1531 865 1568 hoc
891 1546 993 1569 rece-

113 1601 186 1653 pit,
208 1614 291 1638 cum
314 1602 424 1638 aedis
443 1602 639 1638 venderet.
670 1601 811 1639 Cicero
831 1602 879 1638 de
894 1602 994 1639 Ora-

116 1674 204 1708 tore
227 1669 294 1706 lib.
322 1684 373 1707 11:
412 1676 449 1707 et
482 1671 578 1708 dicis
595 1676 646 1715 tc,
668 1684 751 1708 cum
772 1671 887 1707 aedes
904 1684 994 1708 ven-

116 1738 222 1782 dere,
244 1752 292 1775 ne
313 1739 355 1775 in
370 1744 483 1791 putes
505 1739 658 1793 quidem
685 1746 721 1776 et
746 1742 868 1777 caesis
896 1741 995 1778 olum

115 1808 186 1845 tihi
207 1814 417 1859 paternum
444 1810 644 1861 recepisse.

167 1876 435 1923 REDUNDARE,
448 1877 592 1915 redire.
608 1877 863 1923 Redundare,
875 1877 995 1915 abun-

116 1947 232 1992 dare,
266 1961 484 1998 superesse.
529 1947 705 1985 Lucilius
742 1947 811 1985 lib.
842 1961 991 1984 xxvm:

111 2018 236 2067 primo
276 2017 503 2054 redundant
541 2030 680 2054 aurum
728 2030 774 2054 ac
820 2017 997 2054 thesauri

112 2091 263 2138 patent.
303 2086 360 2123 M.
389 2087 547 2124 Tullius
576 2087 624 2124 (le
650 2086 800 2124 Officiis
838 2086 906 2124 lib.
927 2101 990 2124 111:

114 2169 219 2193 nunc
236 2155 431 2208 ficlqientes
452 2162 689 2209 conspectum
705 2157 991 2201 sceleratorum,

118 2233 163 2264 20
191 2225 328 2279 quibus
350 2227 476 2263 omnia
496 2226 736 2264 redundant.
766 2227 818 2264 Et
833 2227 872 2263 in
885 2227 989 2265 Hor-

115 2346 230 2387 vulgo.
257 2346 368 2377 Varro
398 2346 458 2377 VJ.
483 2357 592 2377 ’narce
616 2345 658 2376 B.
690 2345 798 2376 Varro
826 2345 991 2377 inMarco

113 2402 210 2444 Lips.
234 2402 279 2432 V.
296 2403 334 2434 L.
355 2402 388 2441 1,
405 2401 443 2434 9.
470 2406 504 2434 et
516 2403 564 2433 sic
576 2401 713 2443 ubique.
740 2401 898 2432 Bimarco
912 2401 990 2444 ch.

113 2458 158 2489 l).
184 2457 372 2501 Odysscam
388 2459 535 2501 Popma.
562 2458 636 2498 περὶ
654 2456 785 2500 τρόπων
800 2458 842 2488 cf.
854 2456 992 2500 p.480‚

113 2523 149 2548 30
173 2512 238 2545 24.
264 2516 443 2546 comminus
467 2516 565 2557 Virg.
591 2514 764 2557 Cyrsilum
791 2514 881 2555 cf.p.
899 2512 992 2549 549,

114 2565 319 2613 (pag.584.)
346 2569 409 2603 25.
433 2571 601 2616 quondam
611 2571 675 2603 W.
699 2575 870 2601 nauum-ent
896 2570 991 2610 vulg.

114 2632 353 2670 cooperuerunt
372 2626 479 2659 Orell.
503 2628 613 2671 caepit
634 2626 729 2658 G.L.
744 2626 789 2658 cs.
803 2624 985 2668 p.255‚4'.

114 2681 144 2712 si
183 2693 247 2725 quo
281 2684 321 2714 L.
359 2695 402 2714 m.
429 2682 467 2716 2.
517 2683 606 2727 quod
629 2694 693 2714 rec.
730 2688 761 2713 te
791 2683 836 2714 B.
873 2682 987 2713 adira-

117 2747 150 2772 10
174 2742 244 2768 tum
267 2737 363 2770 G.L.
388 2740 431 2771 B.
467 2741 511 2771 cf.
537 2751 571 2783 p.
591 2738 656 2775 54,
676 2738 739 2770 15.
776 2739 813 2769 in
835 2739 945 2769 rutis.
961 2760 985 2767 ..

113 2793 235 2824 solium
259 2792 331 2825 Cic.
357 2795 445 2826 caesi
467 2796 576 2827 solum
599 2795 642 2826 B.
674 2793 843 2825 redundat
868 2806 987 2826 aurum

114 2860 148 2883 20
172 2849 204 2880 h.
226 2849 332 2881 Busa.
370 2850 434 2882 Imc
458 2851 582 2883 redibit
606 2850 747 2894 cherc.
788 2851 819 2881 si
841 2851 987 2883 nondum

112 2911 218 2938 tamen
244 2906 337 2949 ng.
365 2908 408 2939 al.
437 2919 489 2949 ap.
514 2908 657 2940 Dusam.
684 2909 714 2939 si
739 2913 928 2939 tamennon
952 2908 983 2939 J.

1848 176 1933 215 261

1064 285 1212 322 tensio:
1248 291 1328 323 tum
1351 284 1571 337 intellegas,
1599 296 1714 338 quam
1737 283 1835 321 illud
1860 295 1939 319 non

1062 354 1115 391 sit
1141 356 1421 398 necessarium,
1449 355 1552 408 quod
1577 354 1788 391 redundat.

1114 423 1272 461 Renum
1296 424 1540 461 manifestam
1568 423 1688 461 habet
1717 421 1937 472 significan-

1063 493 1175 540 tiam,
1216 498 1260 531 ut
1291 494 1504 532 Terentius
1539 493 1581 530 in
1614 492 1783 530 Andria:
1823 490 1939 528 redeo

1062 564 1153 600 inde
1177 563 1304 600 iratus
1325 568 1443 616 atque
1464 575 1581 614 aeqre
1598 562 1741 610 ferens.
1771 561 1937 605 Redire,

1062 633 1222 678 referri,
1257 632 1446 670 revocari.
1490 625 1681 668 Lucilius*
1708 630 1779 668 lib.
1805 643 1937 668 xxvn:

1061 704 1097 739 si
1116 715 1193 738 non
1219 707 1348 738 tamen
1373 701 1428 738 ad
1452 707 1489 738 te
1511 701 1580 738 hoc
1603 700 1766 744 redivit,
1801 706 1843 737 tu
1868 700 1937 737 Ῑιοο

1062 771 1209 809 carebis
1239 770 1441 808 commodo.
1482 771 1593 821 Virg.
1620 768 1767 820 Georg.
1797 769 1866 806 lib.
1887 784 1937 806 u:

1060 840 1164 877 redit
1192 841 1372 892 aqricolis
1393 839 1502 877 labor
1528 845 1636 877 actus
1662 840 1703 876 in
1733 838 1872 876 orbem.

1111 908 1272 946 Rmzsns
1298 909 1489 960 significat
1512 910 1665 946 iterum.
1708 908 1819 957 Virg.
1838 907 1937 945 Aen.

1059 979 1127 1017 lib,
1142 993 1189 1016 11:
1218 991 1356 1016 rursus
1374 980 1415 1016 in
1431 991 1544 1016 arma
1555 978 1672 1029 feror.
1700 977 1937 1023 Rursus,re-

1060 1053 1135 1086 tro.
1146 1048 1303 1100 Virg.i11
1313 1048 1458 1100 Georg.
1471 1048 1538 1086 lib.
1554 1062 1620 1085 111:
1632 1060 1768 1084 rursus
1781 1060 1877 1085 cura
1889 1055 1934 1085 30

1056 1123 1213 1169 patrum
1238 1119 1391 1155 cadere.
1422 1119 1549 1156 Varro
1575 1117 1815 1155 Andahatis:
1840 1130 1937 1154 mor-

1059 1187 1156 1224 tales
1178 1187 1290 1223 multi
1304 1199 1441 1224 rursus
1460 1199 1506 1225 ac
1521 1199 1682 1239 prorsus
1697 1193 1838 1223 meant.
1855 1187 1936 1223 En-

1060 1257 1145 1293 nius
1155 1255 1429 1293 Andromeda:
1446 1268 1583 1293 rursus
1595 1268 1756 1308 prorsus
1770 1257 1936 1308 recipro-

1059 1330 1122 1363 cat
1146 1323 1289 1375 fluctus
1316 1324 1457 1373 feram.
1748 1324 1804 1375 (p.
1821 1320 1937 1368 585.)

1110 1395 1283 1440 Rumon,
1325 1399 1369 1431 ut
1402 1394 1656 1446 plerumque,
1692 1394 1827 1445 opinio
1865 1398 1936 1431 est.

1788 1463 1843 1500 ad
1869 1462 1938 1500 hoc

1059 1533 1271 1571 rmnoribus
1296 1534 1463 1570 adversa
1484 1534 1524 1569 in
1542 1534 1789 1585 pravitatem,
1801 1545 1936 1569 secun·

1060 1464 1270 1502 Sallustius
1306 1464 1574 1502 Historiarum
1607 1463 1676 1501 lib.
1700 1478 1746 1500 11:

1059 1603 1113 1640 da
1136 1603 1178 1640 in
1204 1616 1352 1647 casum,
1382 1603 1582 1654 fortunam
1615 1605 1656 1640 in
1682 1603 1936 1639 temeritatem

1059 1673 1289 1710 declinando
1301 1673 1607 1723 corrumpebant.
1635 1673 1801 1717 Rumor,
1811 1673 1935 1716 favor,

1059 1743 1272 1780 auxiliatio.
1309 1744 1419 1794 Virg.
1450 1743 1517 1780 lib.
1540 1756 1628 1781 vm:
1664 1756 1752 1794 erqo
1779 1743 1855 1779 iter
1876 1744 1935 1778 in-

1058 1818 1206 1864 ceptum
1234 1818 1432 1863 peragunt
1462 1826 1615 1849 rmnore
1639 1812 1829 1855 secundo5
1858 1811 1935 1848 hoe

1059 1885 1134 1927 est,
1157 1895 1351 1932 prospero
1374 1882 1507 1920 favore
1526 1886 1567 1919 et
1589 1882 1734 1919 auxilio
1755 1881 1935 1918 fluminis.

1056 1951 1285 1988 Fenestella
1311 1951 1455 1989 Annali
1487 1950 1555 1988 lib.
1580 1965 1687 1988 xxn:
1725 1952 1858 2005 itaque
1891 1956 1935 1988 ut

1055 2022 1322 2071 maffl'stratum
1336 2020 1482 2058 tribuni
1494 2021 1677 2065 inierunt,
1699 2019 1739 2058 C.
1750 2020 1863 2064 Cato,
1887 2027 1931 2058 10

1054 2089 1296 2126 turbulentus
1333 2091 1558 2127 adulescens
1597 2096 1634 2127 et
1672 2091 1827 2134 audax,
1862 2103 1933 2127 nec

1053 2160 1270 2212 imparatus
1289 2160 1344 2196 ad
1365 2160 1616 2203 deiciendum,
1631 2159 1851 2196 initionibus
1869 2171 1932 2195 as-

1053 2228 1175 2265 siduis
1213 2229 1384 2266 invideat
1424 2234 1461 2266 et
1500 2229 1718 2274 Ptolemeo,
1759 2230 1829 2283 qui
1854 2230 1930 2266 iam

1053 2347 1085 2377 si
1110 2352 1219 2378 tamen
1241 2347 1301 2379 hoc
1325 2348 1370 2380 ad
1387 2354 1417 2379 te
1430 2360 1496 2380 non
1519 2361 1545 2380 r.
1570 2349 1630 2381 lioc
1649 2361 1675 2381 c.
1693 2350 1799 2381 Busa.
1824 2349 1932 2379 Multi

1052 2404 1209 2434 mortales
1245 2403 1353 2436 Turn.
1381 2402 1449 2442 29,
1484 2404 1521 2437 2.
1559 2417 1682 2448 porsus
1716 2407 1780 2439 W.
1805 2405 1870 2436 bis.
1893 2415 1929 2441 30

1056 2459 1103 2490 cf.
1129 2471 1162 2502 p.
1190 2458 1285 2497 165,
1318 2460 1378 2492 11.
1414 2461 1493 2504 fera
1518 2461 1682 2505 chergk.
1708 2462 1800 2505 (pag.
1818 2458 1930 2499 585.)

1051 2514 1161 2558 fortia
1183 2516 1219 2546 in
1245 2516 1324 2558 ch.
1339 2516 1383 2548 I).
1407 2528 1461 2561 ap.
1478 2518 1583 2550 Merc.
1607 2519 1774 2562 inceptum
1790 2520 1870 2551 cele·
1896 2528 1930 2553 1ο

1054 2576 1135 2602 rant
1167 2572 1358 2614 imparatus
1390 2573 1435 2604 ad
1466 2574 1644 2606 dicendum
1676 2575 1781 2617 Vulg.
1829 2575 1930 2606 initio

1054 2628 1266 2659 concionibus
1290 2640 1321 2659 a.
1346 2629 1521 2662 invidebat
1551 2630 1618 2674 ch.
1656 2632 1865 2664 contionibus
1898 2631 1929 2674 ej

1050 2684 1154 2716 Mero.
1202 2684 1293 2716 Ptol.
1335 2686 1437 2718 simul
1475 2688 1534 2731 qui
1576 2687 1622 2720 G.

1053 2740 1146 2770 ranti
1170 2741 1336 2772 concitare
1359 2741 1499 2784 cherc.
1523 2744 1612 2788 legio
1629 2743 1743 2775 reddit
1760 2745 1930 2776 vir-umore

1052 2796 1172 2827 ruinas
1191 2796 1285 2836 ferre
1309 2797 1421 2830 domos
1444 2799 1487 2830 B.
1528 2800 1660 2832 reditus
1683 2801 1744 2832 alii
1767 2812 1820 2844 ap.
1846 2800 1925 2833 Col.

1053 2851 1119 2894 ch.
1145 2852 1265 2884 ruinas
1292 2853 1374 2886 lllox
1398 2854 1536 2896 auferre
1558 2855 1688 2888 domos.
1705 2881 1712 2888 .
1729 2855 1845 2889 ..Col.
1879 2868 1926 2887 rc-

1052 2909 1145 2941 ditus
1170 2922 1196 2939 r.
1221 2921 1246 2940 r.
1271 2910 1319 2941 M.
1350 2922 1377 2942 a.
1405 2911 1516 2944 domos
1540 2905 1653 2957 (reliq.
1674 2910 1755 2949 om.)
1780 2912 1921 2950 Merula.

1675 2687 1842 2719 invidiam
1862 2699 1925 2731 pa-
