2174 3267
358 211 457 248 1111.

100 324 146 354 30
170 318 237 354 uia
257 329 412 354 rursum
435 318 569 353 coacti.
614 316 756 354 Cicero
780 315 973 353 Tuscula-

98 400 233 424 narum
258 385 328 423 lib.
343 400 376 422 1:
407 385 551 422 caelum
571 385 653 429 hoc,
676 387 716 422 iu
742 398 816 439 quo
843 385 973 430 nubes,

97 455 231 492 imbres
274 454 454 509 ventique
502 460 704 507 coquntur.
759 455 973 493 Terentius

94 524 134 561 in
154 523 313 561 Heaut.:
354 526 471 578 quasi
496 525 647 561 talenta
675 524 730 561 ad
757 525 973 578 quindecim

95 592 221 645 Coeqi.
252 592 309 629 M.
331 593 488 630 Tullius
516 593 566 630 ad
591 593 647 630 M.
672 593 883 631 Catonem:
914 608 972 631 co-

93 667 255 716 actoque
281 663 323 699 in
343 677 461 699 unum
488 664 657 703 exercitu
682 669 815 701 castra
834 666 876 701 in
892 664 971 715 Ly-

93 727 280 783 (p.265.)
314 732 453 769 caonia
479 733 588 785 apud
608 732 784 770 Iconium
804 733 967 785 faceret.

90 801 200 851 Vix-g.
234 801 273 837 in
303 802 520 839 Bucolicis:
569 815 701 853 coivere
735 803 856 840 donec
885 816 971 841 oves

90 869 264 907 stabulis.
301 869 478 908 Lucilius
502 871 569 908 lib.
590 885 708 908 xxvi:
738 885 855 910 rauco
882 886 969 910 con-

90 940 231 977 tionem
263 942 415 985 sonitu,
453 946 490 977 et
521 942 649 978 curvis
678 947 816 994 cogant
845 943 970 979 corui-

92 1009 174 1046 bus.
223 1010 393 1059 Cogere,
428 1011 615 1061 mulgere.
656 1012 765 1060 virg.
788 1012 828 1048 in
842 1011 970 1049 Buco-

92 1080 202 1116 licis:
232 1081 352 1131 coqite
377 1093 480 1125 oves,
505 1082 640 1133 pueri3
670 1082 705 1118 si
731 1082 791 1118 lac
812 1094 970 1133 praece-

87 1150 191 1201 perit
217 1155 367 1194 aestus,
401 1150 452 1188 Ut
475 1164 612 1202 nuper,
641 1149 794 1198 frustra
811 1164 969 1202 pressa-

90 1218 210 1255 bimus
235 1219 354 1255 ubera
369 1220 524 1271 palmis.
559 1220 729 1270 Cogere,
762 1221 967 1271 stringere.

90 1288 200 1338 Virg.
224 1286 449 1338 Georgicon
485 1287 553 1324 lib.
575 1302 657 1325 1111:
698 1302 789 1326 uam
822 1289 969 1340 friqore

89 1357 201 1394 mella
231 1356 339 1408 Cogit
373 1356 507 1401 hiems,
539 1357 748 1411 eademque
782 1357 888 1395 calor
922 1359 967 1395 li-

89 1425 273 1480 quefacta
318 1428 491 1463 remittit.
553 1426 730 1478 Cogere,
770 1427 967 1479 imprime-

94 1503 137 1533 10
172 1509 228 1541 re,
252 1500 442 1534 coartare.
481 1496 591 1547 Virg.
608 1496 675 1533 lib.
699 1510 776 1533 vn:
806 1498 966 1551 quadri-

84 1563 206 1614 fidam
244 1579 426 1620 quercum
461 1567 592 1604 cuneis
629 1573 666 1604 et
695 1566 799 1619 forte
828 1567 968 1604 coactis

86 1633 335 1673 Scindebant.

141 1702 360 1742 CLAUDERE
388 1704 579 1754 significat
609 1704 825 1743 includere.
853 1705 965 1755 Virg.

89 1771 316 1823 Georgicon
355 1773 424 1810 lib.
458 1787 524 1810 111:
566 1780 636 1810 aut
674 1776 778 1811 intus
817 1775 965 1811 clausos

87 1847 226 1878 satura
249 1843 305 1878 ad
328 1843 535 1895 praesepia
558 1850 729 1880 servant.
768 1843 964 1882 Claudere

88 1925 222 1949 rursus
263 1911 468 1950 obsistere.
527 1912 637 1963 Virga
673 1913 772 1949 Aen.
813 1913 879 1950 lib.
914 1927 962 1949 x:

88 1994 185 2025 ecce,
206 1983 322 2018 maris
337 1994 480 2032 mayna
499 1981 647 2018 claudit
665 1995 732 2018 nos
753 1982 853 2019 obice
868 1996 962 2036 pou-

86 2056 163 2087 tus.
194 2049 413 2095 Claudere,
443 2051 656 2088 circumire.
688 2053 793 2102 Virg.
820 2053 861 2088 in
882 2053 962 2090 Bu-

87 2120 224 2157 colicis
238 2133 246 2155 :
265 2120 433 2157 claudite
446 2120 630 2171 Nymfae,
642 2121 831 2158 Dictaeae
842 2121 962 2172 Nym-

86 2188 174 2240 fae,
205 2203 401 2227 nemorum
428 2192 505 2227 iam
536 2191 704 2228 claudite
741 2192 887 2235 saltus,
918 2192 963 2230 Si

87 2272 165 2313 qua
183 2258 287 2310 forte
304 2259 440 2311 ferant
455 2261 571 2297 oculis
595 2274 677 2297 sese
693 2261 801 2298 obvia
819 2262 961 2300 nostris

90 2336 135 2367 20
164 2329 408 2367 Errabanda
435 2330 538 2367 bovis
564 2331 738 2383 vestiqia.

138 2398 292 2445 C1TUM,
317 2400 432 2438 celer.
463 2400 673 2438 Sallustius
699 2401 739 2438 in
768 2401 961 2439 Catilinae

85 2467 214 2506 hello:
244 2470 339 2507 citus
359 2470 481 2514 modo,
501 2471 610 2507 modo
628 2471 767 2508 tardus
784 2473 963 2509 incessus.

87 2600 184 2647 (pag.
198 2601 307 2641 265.)
331 2605 478 2639 oveisA.
505 2607 568 2638 cfr.
588 2620 622 2650 p.
636 2606 728 2645 581,
749 2607 810 2639 ¹7.
828 2613 958 2639 conten-

86 2661 206 2692 tionem
219 2662 312 2694 G.A.
322 2663 504 2694 contionem
516 2664 556 2696 L.
577 2669 630 2694 teu
643 2664 706 2706 spl.
720 2664 854 2707 utf'orte
865 2665 956 2695 Edd.

88 2727 120 2751 10
142 2729 261 2760 maqno
286 2718 363 2760 ch.
383 2719 425 2750 D.
473 2721 573 2762 siqua
608 2721 674 2752 cfr.
702 2732 734 2763 p.
764 2718 862 2756 105,
892 2721 954 2753 15.

88 2785 123 2811 20
145 2772 229 2803 haut
247 2776 368 2817 procul
392 2777 454 2807 cfr.
483 2775 582 2814 234,
607 2775 669 2808 22.
702 2782 822 2807 metum
846 2776 958 2809 Codd.

87 2829 241 2872 plurimi,
260 2831 391 2873 Heyne.
416 2833 550 2864 metium
561 2833 640 2864 Vat.
664 2833 812 2864 mettium
838 2834 958 2864 Heins.

83 2884 189 2919 Nicb.
227 2886 386 2929 inscript.
422 2892 510 2920 vett.
535 2888 712 2929 respondet
735 2889 856 2920 Klotz.
892 2895 961 2920 stu-

85 2944 141 2975 diu
166 2944 232 2984 leq.
251 2955 353 2973 meum
380 2956 440 2974 scr.
453 2969 457 2974 .
471 2969 475 2975 .
489 2946 615 2975 citatur
638 2945 776 2985 cherc.
793 2946 958 2977 incitatur

515 211 586 247 DE
616 208 791 248 VARIA
820 209 1282 247 SIGNlFchTIONE
1311 207 1638 247 SERMONUM.

1834 210 1913 248 181

1038 316 1188 363 Citum,
1230 317 1395 355 divisum
1439 317 1502 354 vel
1535 320 1780 368 separatum3
1811 315 1916 352 unde

1038 391 1077 424 et
1100 387 1269 424 oscitare
1302 387 1447 424 dictum
1479 391 1549 424 cst.
1593 386 1703 437 Virg.
1722 386 1823 422 Aen.
1847 384 1916 422 lib.

1037 470 1126 493 vm:
1155 456 1252 493 haut
1273 456 1409 508 procul
1441 456 1532 492 inde
1558 457 1656 492 citae
1679 455 1843 492 Illettum
1875 455 1918 492 in

1036 526 1192 563 diversa
1220 525 1438 578 quadrigae
1466 525 1729 562 Distuleraat.

1088 594 1243 631 CITARE
1266 598 1326 631 est
1340 608 1494 631 vocare.
1523 594 1577 631 M.
1590 594 1747 632 Tullius
1763 595 1803 631 in
1815 593 1916 632 Ver-

1034 676 1135 700 rem:
1171 663 1267 699 citat
1296 676 1423 700 reum:
1462 676 1539 699 nou
1573 664 1784 714 respondit.
1822 665 1917 701 citat

1035 737 1311 770 accusatorem.
1358 731 1515 778 Citare,
1548 732 1737 778 incitare,
1770 747 1914 784 provo-

1036 816 1136 840 care.
1162 802 1218 839 Μ.
1245 802 1408 839 Tullius
1436 803 1486 840 de
1514 802 1792 839 Divinatione:
1821 817 1914 856 quo-

1033 885 1119 909 rum
1143 872 1313 908 studium
1332 871 1500 923 leyendi,
1528 885 1606 908 nou
1622 871 1817 908 scribendi
1835 876 1915 908 stu-

1034 942 1139 978 dium
1166 941 1425 978 vehementius
1451 942 1493 977 in
1526 941 1607 978 dies
1644 941 1784 978 citant.
1846 941 1912 978 Ci-

1032 1015 1137 1055 tare,
1160 1010 1332 1049 laudare.
1363 1010 1420 1047 M.
1437 1010 1595 1048 Tullius
1618 1010 1667 1048 de
1695 1010 1848 1048 Officiis
1869 1019 1915 1048 30

1031 1080 1099 1118 lib.
1130 1095 1165 1117 1:
1206 1082 1421 1135 citeturque
1464 1080 1635 1118 Psalmis
1679 1081 1917 1118 clarissimae

1031 1151 1235 1193 m'ctoriae,
1296 1163 1398 1205 quae
1452 1155 1715 1203 anteponatur
1760 1151 1915 1188 consilio

1031 1218 1195 1256 Solonis.

1084 1287 1335 1325 CONTENTUM
1364 1287 1509 1326 dicitur
1539 1292 1755 1326 extensum.
1799 1288 1911 1340 Virg.

1030 1357 1098 1394 lib.
1129 1370 1173 1393 v:
1199 1357 1303 1394 Imnc
1330 1358 1508 1408 rapiduS,
1543 1357 1692 1394 iamdu-
1725 1354 1781 1409 (p.
1795 1354 1915 1402 266.)

1030 1427 1122 1463 dum
1146 1439 1242 1463 arcu
1268 1432 1448 1464 contenta
1469 1432 1613 1477 parato
1645 1427 1738 1465 Tela
1763 1433 1913 1464 teneus.

1030 1495 1205 1532 Lucilius
1225 1495 1293 1533 lib.
1312 1510 1417 1533 xxx:
1445 1496 1506 1533 hic
1528 1502 1572 1534 ut
1596 1497 1808 1549 muscipula
1826 1511 1915 1534 con-

1030 1571 1160 1609 tenta,
1200 1571 1319 1620 atque
1361 1567 1527 1616 scorpios
1570 1566 1698 1603 cauda
1732 1565 1911 1603 Sublata.

1031 1634 1292 1679 Contentum,
1346 1635 1596 1687 colligatum,
1652 1636 1910 1673 coniunctum.

1031 1705 1143 1754 Virg.
1169 1703 1395 1756 Georgicon
1420 1705 1488 1742 lib.
1511 1719 1575 1742 111:
1619 1710 1800 1742 contenta
1834 1718 1912 1742 cer-

1809 1774 1913 1812 Con-

1028 1848 1194 1889 tentum,
1209 1845 1448 1890 continuum,
1467 1858 1737 1895 perseverans.
1770 1845 1912 1883 Cicero

1028 1775 1109 1811 vice
1139 1775 1304 1811 trahant
1325 1775 1533 1812 stridentia
1558 1775 1756 1827 plaustra.

1030 1913 1344 1952 Tusculanarum
1380 1914 1449 1951 lib.
1474 1928 1518 1951 v:
1545 1913 1735 1954 Socraten
1762 1913 1912 1964 ferunt,

1027 1997 1112 2020 cum
1150 1997 1270 2037 usque
1307 1985 1362 2021 ad
1396 1986 1544 2036 epirum
1576 1984 1794 2021 contentius
1830 1997 1909 2021 am-

1026 2052 1196 2097 bularet,
1234 2054 1526 2108 quaesitumque
1550 2060 1648 2091 esset
1673 2068 1720 2091 ex
1747 2067 1811 2097 ec,
1840 2067 1911 2091 cur

1026 2123 1068 2159 id
1092 2122 1236 2173 facere.

1078 2192 1244 2230 CAnnnE
1262 2198 1322 2230 est
1336 2207 1462 2232 ruere.
1492 2193 1602 2245 Virga
1615 2192 1840 2244 Georgicon
1864 2200 1906 2231 10

1024 2262 1092 2300 lib.
1108 2277 1142 2300 1:
1169 2263 1237 2300 illa
1252 2262 1394 2299 cadens
1415 2276 1576 2300 raucum
1591 2276 1665 2316 per
1687 2264 1786 2300 levia
1805 2276 1908 2299 mur-

1025 2346 1111 2369 mur
1131 2332 1241 2370 Saxa
1262 2333 1349 2370 ciet.
1384 2333 1555 2379 Cadere,
1573 2334 1768 2371 occidere.
1795 2334 1906 2384 Virg.

1027 2400 1127 2439 Aen.
1162 2401 1231 2439 lib.
1258 2417 1304 2439 11:
1346 2403 1452 2440 cadit
1484 2408 1521 2440 et
1550 2402 1712 2450 Rifeus‚
1745 2403 1907 2440 iustissi-

1029 2484 1112 2508 mus
1138 2485 1238 2509 uuus
1265 2471 1346 2519 Qui
1364 2472 1444 2524 fuit
1470 2473 1511 2510 in
1539 2473 1708 2511 Teucris.
1740 2472 1908 2517 Cadere,

1023 2607 1098 2640 Cic.
1109 2607 1172 2639 Or.
1184 2608 1332 2640 Salamis
1343 2609 1437 2641 Edd.
1450 2610 1637 2641 clarissime
1647 2610 1711 2642 W.
1725 2609 1860 2641 Solonis
1871 2618 1906 2642 30

1022 2664 1150 2696 Cadere
1166 2664 1258 2701 266,
1274 2665 1391 2699 lO-A.
1405 2672 1592 2698 contentum
1602 2670 1684 2709 post
1702 2664 1792 2699 264,
1803 2663 1841 2696 8.
1855 2666 1904 2696 A.

1024 2726 1093 2751 tum
1117 2733 1147 2752 r.
1172 2722 1219 2753 A.
1246 2721 1345 2764 Virg.
1371 2723 1485 2754 Lucil.
1511 2723 1575 2754 cfr.
1592 2721 1684 2759 585,
1699 2717 1903 2764 (pag.266.)

1027 2775 1092 2809 50.
1123 2776 1210 2813 181,
1225 2777 1291 2810 51.
1333 2780 1542 2824 muscipulae
1569 2785 1697 2813 tentae,
1732 2783 1832 2821 alque
1867 2782 1906 2807 ut

1025 2834 1172 2877 scorpiu'
1197 2834 1337 2877 churn.
1364 2836 1533 2868 Socratem
1558 2837 1603 2867 A.
1628 2835 1748 2866 Klotz.
1773 2833 1818 2864 ad
1844 2833 1904 2864 Pi-

1027 2901 1140 2920 raeum
1153 2890 1267 2932 vulgo.
1280 2891 1325 2922 ad
1337 2903 1510 2936 vesperum
1522 2893 1596 2925 Cic.
1610 2889 1862 2925 mauja-adero
1873 2901 1906 2924 10

1026 2950 1103 2985 post
1119 2945 1342 2981 265.52.A.
1368 2949 1471 2981 iidem
1495 2952 1538 2981 A.
1563 2950 1625 2982 Or.
1652 2952 1716 2983 cfr.
1742 2951 1837 2985 555.
1866 2950 1902 2983 5.
