2174 3267
367 174 457 212 vn.
515 173 588 212 DE
619 154 968 212 coNTuAnns
999 171 1314 212 GENERIBUS
1346 170 1671 212 VERBORUM.

100 294 229 318 xxvn:
273 293 344 317 nec
381 282 417 316 si
444 279 564 330 paulo
602 280 729 316 minus
760 291 903 317 usuras
939 285 975 316 et

103 358 149 388 30
180 362 322 400 maqna
355 349 559 387 adiutatus
593 350 672 387 diu.

152 419 470 456 Pmm-:mnmtm
506 432 580 469 pro
612 419 854 469 pigneraret.
917 418 974 455 Μ.

101 488 258 528 Tullius
302 488 351 526 de
383 487 445 526 Re
478 488 637 540 publica
668 488 737 526 lih.
759 503 789 525 1:
831 488 902 525 sed
932 494 975 525 ut

95 559 283 611 plurimas
311 564 349 595 et
377 559 565 595 maximas
589 559 717 595 nostri
742 559 885 602 animi,
916 560 974 595 in-

94 628 214 680 qenii,
246 628 384 665 consili
403 628 532 680 partis
561 629 646 681 ip5a
670 628 745 665 sibi
764 629 807 665 id
832 629 976 666 utilita-

96 693 152 749 (p.
177 692 299 742 478.)
325 703 401 734 tem
435 710 547 735 suam
578 699 871 750 piqncrarctur.

147 767 403 805 thMunAm
434 781 509 819 pro
539 781 792 807 murmurare.
846 768 975 806 Varro

96 837 136 874 in
160 836 327 875 Heuren
351 852 377 874 u
403 837 519 889 lopas
547 842 588 875 to
615 851 753 889 poma,
789 834 888 891 περὶ
914 849 975 888 y&-

94 898 355 960 ῃαμηκότωνε
379 909 436 944 ita
457 908 518 944 uti
534 907 638 944 soliti
656 920 810 945 cranms
829 907 978 945 Romae

97 978 138 1013 in
173 976 333 1021 balneis,
361 976 521 1028 plodere
548 979 713 1025 cepimus
744 982 781 1014 et
808 990 976 1014 murmu-

98 1048 196 1084 rari,
241 1045 529 1097 Quadrigarius
552 1046 696 1085 Annali
721 1046 790 1099 lil).
811 1060 905 1083 v111:
936 1046 978 1082 in

98 1130 140 1152 eo
166 1116 246 1153 loco
263 1116 429 1168 popalus
453 1117 696 1154 murmurari
713 1116 848 1168 coepit.
879 1116 977 1153 Var-

97 1199 142 1223 ro
183 1185 457 1237 Papiapapae,
497 1182 597 1238 περὶ
634 1180 863 1234 ἕνκωμίωνε
909 1185 978 1222 hoc

98 1254 233 1292 Grecis
267 1255 514 1298 renuntiato,
559 1260 603 1291 ut
633 1254 750 1301 facile
784 1254 978 1306 intellelqe-

96 1337 181 1369 res,
219 1337 289 1360 nos
316 1323 363 1360 ab
391 1324 450 1361 his
481 1326 625 1368 amari,
659 1336 978 1361 conmurmuran-

104 1402 146 1431 10
164 1399 232 1431 tur
246 1394 363 1431 autoi.
392 1393 504 1431 Idem
516 1394 682 1444 Virgula
699 1394 844 1432 diviua:
862 1406 979 1445 prae-

96 1464 229 1501 sertim
258 1477 343 1501 cum
374 1469 547 1501 ventrem
584 1477 707 1500 meum
743 1464 979 1507 coherceant,

96 1547 167 1571 nec
193 1535 436 1571 murmurari
457 1535 649 1587 patiatur.

850 1603 978 1641 Varro

98 1673 299 1711 Pseudulo
340 1673 554 1725 Apolline,
596 1669 694 1725 περὶ
726 1670 841 1710 θεῶν
882 1663 978 1710 oiva-

150 1603 450 1642 EXCALCEATUR
482 1618 555 1655 pro
581 1602 795 1641 excalceat.

98 1734 307 1795 γνιόσεωςε
341 1744 446 1797 quod
468 1745 509 1781 in
536 1744 617 1780 eius
646 1743 710 1780 dei
737 1743 879 1795 templa
903 1742 980 1780 eal-

99 1814 203 1850 ceati
234 1814 454 1851 introeunt:
494 1826 587 1850 nam
625 1814 667 1849 in
704 1813 842 1866 oppido
879 1825 981 1866 quae

100 1889 157 1921 cst
179 1883 297 1920 aedes
311 1882 522 1936 Apollinis,
552 1888 589 1919 et
612 1895 714 1934 quae
732 1881 785 1919 ibi
805 1882 860 1918 ad
875 1880 979 1919 Her-

99 1953 214 1997 culis,
249 1958 293 1990 ut
326 1954 497 1990 introeat
528 1964 637 1989 nemo
662 1964 703 1988 se
730 1951 976 1989 excalcietar.

151 2021 368 2060 Nummun
401 2026 441 2060 et
471 2035 722 2059 NUTchTUR
752 2035 826 2072 pro
856 2021 981 2059 nutrit

101 2098 141 2131 ct
170 2093 354 2130 nutricat.
404 2093 533 2130 Varro
566 2091 848 2137 Testamenta,
885 2087 984 2143 περὶ

102 2186 182 2217 edd.
206 2189 345 2229 praeter
365 2187 448 2219 AM.
474 2185 554 2216 haec
579 2184 647 2215 obs.
672 2187 752 2214 ante
771 2184 822 2215 M.
842 2186 982 2225 praeter

101 2242 211 2285 princ.
231 2243 324 2287 agite
347 2254 411 2273 om.
432 2246 510 2273 ante
528 2241 562 2273 J.
579 2245 719 2284 praeter
738 2241 848 2284 princ.
872 2245 911 2270 ut
933 2251 982 2270 me

102 2309 138 2334 30
149 2299 353 2331 adiutemini
372 2297 490 2331 1476.
512 2299 692 2342 Turpilius
707 2297 748 2328 de
763 2298 850 2339 Rep.
868 2296 981 2339 princ.

103 2352 153 2399 (p.
167 2350 275 2390 478.)
290 2356 356 2387 sun·
377 2356 422 2386 ml
440 2356 517 2387 edd.
543 2347 648 2397 Εὗρεν
664 2352 681 2394 ἢ
700 2351 804 2389 λοπάς
822 2351 860 2384 τὸ
881 2356 982 2395 πῶμα

103 2424 140 2443 π.
163 2409 390 2453 γεγαμηκότων
412 2411 486 2444 JM.
511 2412 617 2442 Anna
634 2411 694 2442 lib.
725 2410 793 2441 W.
817 2416 897 2442 auto
914 2412 980 2443 W.

106 2474 248 2504 maneto
259 2470 310 2501 M.
330 2469 464 2500 Auctor
481 2467 568 2499 idem
580 2468 655 2500 AJ.
671 2467 849 2511 patiamur
864 2466 982 2499 1480.

103 2525 150 2557 Λ.
161 2526 280 2569 patiar
291 2525 327 2557 J.
345 2522 577 2568 ἇναγνωρίσεως
593 2524 703 2556 Turn.
718 2520 922 2564 ἀπαντήσεως
933 2524 980 2556 Α.

104 2579 308 2622 ματαιώσεως
315 2581 352 2614 J.
370 2582 491 2627 templo
500 2582 642 2625 Popma.
656 2581 859 2612 introierunt
873 2581 982 2623 princ.

104 2638 164 2678 qui
180 2637 218 2668 in
233 2637 346 2669 aedem
354 2638 447 2680 ng.
464 2639 501 2670 in
514 2650 578 2683 quo
590 2643 641 2669 est
653 2649 703 2668 ac.
716 2637 808 2669 Scal.
822 2642 871 2668 set
887 2648 982 2681 quae,

106 2705 122 2725 s
140 2693 301 2737 comp.L.
318 2698 349 2724 et
365 2695 424 2737 qui
434 2694 467 2726 J.
484 2695 544 2739 qui
557 2693 709 2726 ibiScal.
727 2692 861 2724 hercule
871 2692 982 2736 princ.

107 2755 145 2780 ut
162 2760 228 2781 om.
247 2752 326 2781 ante
342 2750 390 2782 M.
405 2750 497 2782 Scal.
518 2751 702 2785 introeunt,
718 2761 809 2780 nemo
822 2749 914 2781 Scal.
928 2760 983 2779 cx-

106 2806 274 2838 calciatus
295 2806 407 2849 princ.
431 2807 649 2839 excalceatur
665 2806 758 2838 Scal.
781 2803 932 2845 διαθήκης
948 2804 984 2838 Α

107 2863 178 2897 JM.
200 2860 219 2903 ἢ
238 2864 311 2906 περὶ
333 2865 541 2905 φιλοφθονίας
558 2864 603 2897 Α.
622 2860 705 2905 μετά
726 2863 936 2905 φιλοφθονίας
948 2860 982 2894 J.

108 2933 123 2951 c
143 2932 212 2953 mea
228 2920 489 2963 pliiloplztlnonia
514 2922 606 2954 natis
622 2920 704 2964 ejM.
718 2920 874 2962 Menippi
892 2919 981 2961 Pop-

1830 172 1919 211 525

1037 270 1257 332 ὄιαθήσηοε
1286 291 1385 327 εμεα
1408 275 1682 332 φιλοφθονια
1697 279 1800 315 natis
1823 291 1919 332 (suos

1037 349 1225 403 llIenippe
1261 349 1407 385 heresis
1451 349 1653 386 nutricata
1689 354 1727 385 et
1772 353 1933 392 tutores*

1038 420 1109 463 (lo,
1151 418 1233 466 Qui
1257 432 1336 455 rem
1361 419 1577 456 Romanam
1606 418 1843 472 Latiumque
1871 425 1918 455 20

1418 486 1473 526 M.
1494 487 1653 525 Tullius
1675 488 1724 525 de
1743 488 1918 525 Deorum

1039 562 1177 594 natura
1213 556 1283 593 lib.
1313 570 1365 593 11:
1406 558 1574 593 omnium
1611 562 1740 594 autem
1774 571 1919 601 rerum,

1038 489 1222 525 ulciscere
1247 488 1376 524 vultis·

1039 638 1139 681 quae
1164 632 1313 663 natura
1339 626 1684 670 administrantur,
1711 629 1920 664 seminator

1040 702 1078 734 et
1097 700 1206 733 sator
1229 701 1266 732 et
1289 708 1456 748 parens,
1482 701 1526 732 ut
1551 696 1607 732 ita
1635 696 1776 741 dicam,
1803 702 1923 748 atquc

1040 766 1228 804 educator
1262 771 1300 803 et
1331 766 1433 802 altor
1465 771 1522 802 est
1549 765 1738 810 mundus,
1776 767 1921 802 omnia-

1042 849 1157 890 quae,
1184 837 1283 873 sicat
1307 834 1476 872 membra
1500 840 1537 872 et
1562 836 1691 887 partis
1715 847 1823 878 suas,
1852 849 1924 871 nu-

1042 906 1211 943 tricatur
1236 911 1274 942 et
1296 906 1475 942 continet.
1511 905 1698 943 Afranius
1724 904 1924 954 Vopisco:

1042 988 1133 1012 nam
1157 976 1377 1013 nutricator
1399 975 1512 1013 oliva.
1544 974 1722 1013 Lucilius
1740 974 1810 1012 lib.
1826 989 1925 1011 xxx:

1042 1058 1158 1082 sensu
1199 1047 1422 1083 nitricatum
1458 1046 1542 1083 sine
1589 1051 1705 1097 caput
1747 1046 1927 1098 opprimit

1043 1116 1136 1166 ipse.

1097 1182 1245 1220 VOLAM
1259 1196 1333 1234 pro
1349 1183 1477 1221 velim.
1506 1182 1685 1221 Lucilius
1698 1182 1766 1220 lib.
1780 1196 1927 1220 xxvm:

1045 1252 1173 1290 etdola
1215 1258 1334 1307 atque
1377 1258 1528 1290 atomus
1579 1254 1732 1290 vincere
1761 1252 1931 1303 Epicuri

1043 1323 1179 1360 volam.
1216 1322 1383 1360 Plautus
1414 1323 1455 1360 iu
1484 1322 1688 1360 Asinaria:
1731 1328 1849 1376 atque
1881 1330 1926 1360 30

1045 1392 1181 1430 audin'
1224 1394 1340 1430 etiam
1354 1392 1372 1429 ἶ)
1429 1393 1567 1437 volam,
1606 1393 1788 1446 quoniam
1824 1393 1930 1430 intus

1044 1475 1122 1499 non
1153 1462 1299 1500 licitum
1332 1468 1390 1501 est
1419 1463 1528 1500 mihi.

1101 1532 1476 1571 CONMANDUCATUR.
1532 1531 1709 1571 Lucilius
1737 1533 1806 1570 lib.
1844 1546 1925 1570 1111:

1044 1603 1278 1657 adsequitur
1309 1604 1627 1654 necopinantem,
1660 1604 1701 1640 in
1731 1604 1786 1655 (p.
1806 1597 1928 1648 479.)

1042 1677 1160 1726 caput
1178 1673 1319 1717 insilit,
1350 1673 1474 1725 ipsum
1499 1671 1844 1710 Conmandacatur
1867 1678 1924 1709 to-

1043 1748 1123 1780 tum
1155 1743 1391 1795 conplexum.
1450 1742 1562 1780 Idem
1585 1742 1656 1780 lib.
1675 1757 1748 1780 xv:
1776 1742 1928 1780 vilicum

1044 1810 1330 1849 Aristocratem
1360 1812 1628 1850 meiastrinum
1657 1818 1775 1865 atquc
1797 1812 1928 1849 bubul-

1044 1895 1130 1919 cum
1166 1881 1509 1920 Conmanducatus
1548 1888 1592 1920 ut
1634 1883 1828 1934 corrupit,
1876 1882 1932 1919 acl

1044 1952 1166 1989 incita
1191 1952 1333 2004 adeqit.

1099 2021 1276 2059 Esumsso
1294 2035 1367 2073 pro
1384 2022 1560 2059 esuriam.
1588 2021 1834 2074 Pomponius
1847 2020 1928 2059 Au-

1050 2105 1168 2141 gure:
1202 2093 1313 2129 inuno
1342 2104 1479 2136 mane3
1519 2091 1614 2129 Non
1646 2092 1806 2130 esuribis
1841 2091 1929 2129 diu-

1047 2195 1111 2214 ma.
1135 2184 1318 2227 lllcnippea
1345 2183 1499 2226 ejGifan.
1513 2185 1562 2216 M.
1580 2184 1716 2227 ineulpe
1734 2184 1843 2226 princ.
1877 2183 1929 2214 lie-

1047 2252 1100 2271 res
1119 2240 1164 2271 iis
1186 2239 1261 2282 ch.
1282 2239 1326 2270 D.
1356 2240 1532 2271 nutricata
1556 2244 1605 2270 est
1620 2238 1775 2282 chifan.
1800 2240 1848 2271 M.
1870 2250 1929 2270 nu-

1047 2297 1195 2328 tricatur
1214 2301 1246 2326 ct
1266 2296 1408 2338 Popma.
1433 2296 1646 2332 nutricatur,
1670 2301 1733 2327 tut.
1753 2295 1847 2338 ng.
1872 2295 1918 2327 ad

1045 2354 1186 2385 sciscere
1207 2351 1323 2384 1526.
1344 2352 1379 2384 J.
1403 2351 1586 2383 Izerciscere
1611 2352 1679 2396 ch.
1705 2353 1870 2397 alyiseerc
1892 2363 1928 2386 20

1047 2409 1103 2440 vel
1117 2420 1296 2453 tumescere
1317 2408 1471 2451 chifan.
1499 2409 1661 2440 lacessere
1678 2408 1851 2452 chsVoss.
1870 2421 1928 2439 au-

1045 2466 1175 2510 qiscere
1203 2464 1285 2507 ch.
1317 2465 1458 2496 Vobisco
1473 2464 1537 2496 W.
1564 2466 1760 2497 nutricatur
1785 2466 1827 2497 ol.
1850 2465 1929 2496 edd.

1046 2534 1072 2553 s.
1095 2522 1305 2552 nutricatum
1323 2520 1432 2552 AJM.
1450 2532 1531 2552 sane
1555 2527 1656 2565 caput
1671 2522 1710 2558 L,
1731 2521 1803 2553 AJ.
1822 2521 1928 2553 Dusa.

1047 2578 1159 2610 obruit
1176 2578 1249 2619 ipse
1265 2577 1373 2609 Dusa.
1393 2577 1515 2609 xxvii:
1536 2577 1631 2609 idola
1648 2577 1742 2619 ng‚
1754 2577 1861 2608 Busa.
1881 2578 1926 2608 ei-

1047 2635 1128 2667 dola
1140 2635 1188 2667 Μ.
1206 2645 1340 2665 acomus
1353 2634 1390 2664 L.
1407 2638 1535 2665 atomos
1548 2632 1643 2676 ng,
1657 2634 1704 2667 M.
1719 2633 1852 2664 haudin
1863 2634 1928 2666 W.

1052 2692 1176 2723 ctiam?
1204 2691 1331 2722 volam:
1351 2690 1561 2734 interposuit
1580 2690 1627 2723 M.
1651 2690 1750 2722 haec:
1786 2700 1876 2725 ecee,
1893 2698 1930 2724 3ο

1048 2746 1166 2791 siquid
1188 2751 1219 2777 te
1238 2747 1363 2778 volam.
1399 2746 1446 2777 Et
1465 2747 1500 2778 in
1517 2746 1646 2778 eadem:
1669 2758 1737 2777 meo
1760 2745 1855 2777 modo
1884 2746 1930 2777 lo—

1047 2814 1153 2847 quar,
1190 2814 1287 2847 quae.
1321 2801 1495 2845 Quattuor
1528 2806 1703 2847 postrema
1734 2801 1840 2834 verba
1870 2800 1928 2833 ha-

1050 2860 1133 2892 bent
1156 2859 1258 2891 etiam
1277 2857 1347 2891 AJ.
1375 2859 1535 2892 Lucilius
1551 2871 1586 2903 p.
1607 2858 1670 2894 81,
1687 2856 1750 2889 25.
1772 2857 1868 2894 4⁷7,
1888 2855 1925 2888 8.

1051 2915 1224 2959 complexa
1243 2913 1358 2949 1526.
1375 2914 1447 2952 «JM.
1474 2915 1568 2948 Idem
1590 2928 1618 2957 p.
1640 2913 1730 2952 125,
1753 2909 1799 2959 (Ρ.
1823 2906 1931 2947 479)
