2174 3267
88 283 272 326 ostendo,
320 295 366 318 ex
412 282 538 318 oraclo
584 281 735 318 elimino
771 295 843 317 me.
895 281 979 317 Eli-

89 352 241 389 minare
300 358 455 388 rursum
484 350 728 388 excludere.
784 350 980 387 Pacuvius

88 421 303 458 Duloreste
318 436 324 456 :
342 420 408 456 ubi
421 420 484 456 ille
499 420 583 457 est?
597 434 655 456 me
670 422 863 464 miseram,
886 433 980 474 qao-

89 492 194 527 niam
213 490 357 527 clamor
381 490 567 526 eliminat.
599 490 846 541 Pomponius
876 490 980 526 Con-

90 561 168 597 cla:
187 573 252 596 vos
267 560 355 596 istic
372 565 517 602 manet,
528 559 731 596 eliminabo
743 565 857 596 extra
873 559 981 596 aedis

88 630 284 680 coniugem
292 657 300 666 .

140 699 340 742 Ennium,
357 698 563 735 collidere.
582 697 696 748 Virg.
715 699 815 734 Aen.
832 697 900 734 lib.
914 711 979 734 111:

88 773 150 804 ter
176 781 349 820 spmnam
373 768 505 804 elisam
540 773 577 804 et
608 768 789 804 rorantia
817 768 983 804 vidimus

87 843 215 874 astra.
249 838 393 875 Cicero
411 838 729 874 Tusculanarum
754 836 823 874 lib.
838 851 880 873 v:
915 838 985 890 qai

91 914 138 944 30
160 906 274 944 rebas
286 906 346 943 his
369 907 523 954 fractus
544 906 792 959 aegritudine
807 907 980 949 eliditur,

85 981 212 1029 potest
236 977 394 1013 tandem
421 990 503 1013 esse
526 990 604 1013 noa
627 976 774 1014 miser?
803 976 982 1020 Elidere,

89 1046 258 1084 deicere.
273 1047 328 1084 M.
346 1046 506 1083 Tullius
527 1047 575 1084 de
592 1046 653 1084 Re
670 1046 831 1098 publica
851 1046 920 1083 lib.
935 1060 982 1082 11:

88 1122 132 1153 ut
147 1117 291 1167 aariqa
312 1117 491 1153 indoctas
507 1130 527 1152 e
545 1130 667 1153 carra
689 1116 880 1159 trahitur,
897 1128 984 1168 ope—

88 1188 207 1229 ritar,
238 1187 429 1229 laniatur,
459 1186 633 1222 eliditur.

89 1252 144 1305 (p.
159 1251 282 1300 295.)

89 1325 305 1362 Terentius
332 1324 566 1361 Formione:
604 1326 659 1361 sic
686 1322 877 1377 inquam?
906 1336 982 1376 qao

365 1255 586 1297 EVADERE,
628 1254 759 1299 exire,
804 1254 982 1291 tendere.

88 1395 244 1438 evadat,
265 1394 367 1430 vide.
399 1393 578 1431 Lucilius
600 1393 668 1430 lib.
690 1406 806 1430 xxvi:
840 1392 984 1429 evadat

86 1465 222 1501 saltem
245 1464 398 1518 aliquid
422 1464 571 1518 aliqua,
588 1464 694 1517 quod
707 1467 870 1499 conatus
881 1475 980 1499 sam.

87 1533 252 1572 Plautus
280 1535 320 1570 in
345 1534 550 1572 Asinaria:
581 1534 764 1578 demiror,
798 1533 896 1587 quid
921 1534 984 1576 sit,

90 1610 128 1641 et
152 1618 227 1658 qao
258 1604 415 1647 evadat,
442 1616 528 1640 sam
554 1604 597 1639 in
623 1608 740 1640 meta.
785 1602 984 1647 Evadere,

87 1674 187 1718 fieri,
213 1674 416 1724 praeduci.
445 1675 501 1711 M.
517 1674 677 1711 Tullius
693 1673 984 1724 Filippicarum

87 1744 156 1781 lib.
177 1757 224 1780 11:
254 1757 308 1780 an
335 1743 543 1787 verebare,
571 1757 619 1780 ne
642 1757 720 1780 non
749 1748 980 1794 putaremus

87 1820 236 1850 natura
253 1819 290 1850 te
302 1815 473 1866 potuisse
491 1826 568 1849 non
578 1813 788 1865 improbam
798 1812 982 1849 evadere?

139 1883 351 1921 Excwsm:
399 1887 460 1919 est
505 1883 739 1933 seiungere,
784 1896 981 1933 separare.

88 1954 200 2004 Vin-g.
212 1953 280 1989 lib.
296 1966 405 1988 vnn:
438 1954 563 2005 ipsam
583 1952 704 1995 illam,
728 1952 888 2004 clipeum
905 1952 979 1988 cri-

93 2031 136 2061 10
155 2029 315 2077 stasqae
344 2021 518 2058 rubentis
535 2021 745 2073 Excipiam
760 2023 869 2058 sorti.
901 2021 981 2058 Ex-

92 2094 242 2145 cipere,
267 2106 455 2130 excusare
483 2092 543 2128 vel
572 2091 714 2128 celare.
752 2091 917 2128 Plautus
942 2091 981 2127 in

88 2163 313 2200 Aulularia:
342 2176 412 2199 nec
444 2167 598 2215 partem
631 2161 704 2198 tibi
725 2161 858 2205 Adeo,
904 2162 982 2198 cni-

89 2284 230 2316 timidae
256 2284 301 2316 G.
325 2285 443 2316 timido
456 2285 500 2316 B.
518 2284 561 2315 cf.
587 2296 620 2327 p.
645 2283 710 2320 59,
726 2284 761 2315 5.
787 2285 872 2316 clam
889 2284 979 2319 Ιιειύ,

89 2341 193 2372 simul
218 2339 364 2382 chalm.
400 2342 521 2385 (equita
553 2341 600 2372 A.
635 2340 670 2372 J.
694 2341 804 2371 Palm.
842 2346 977 2371 acnola

89 2396 216 2427 accidit
241 2397 283 2427 B.
321 2396 465 2440 chalm.
501 2409 536 2439 p.
558 2397 648 2428 111.
686 2397 747 2428 lib.
785 2397 867 2428 Var.
894 2397 975 2427 lec-t.

94 2451 211 2484 1585.
239 2464 258 2481 a
285 2453 372 2484 Rima
396 2453 456 2484 deo
481 2453 621 2496 churn.
640 2452 704 2487 29,
720 2453 784 2484 27.
811 2465 903 2483 armo
918 2453 978 2484 deo

90 2507 160 2550 cj-J.
186 2508 337 2540 armodz'o
361 2509 455 2550 ng.
480 2521 501 2539 a
516 2511 588 2541 rivo
610 2506 796 2543 (ablutum)
821 2509 917 2541 Guil.
933 2509 976 2539 ad

88 2564 174 2595 Aul.
205 2563 242 2599 1,
273 2563 309 2595 6.
347 2566 457 2597 Ανίυο
484 2567 506 2596 i.
535 2578 563 2596 e.
595 2566 799 2608 Triptolemo
826 2566 972 2606 Poprna.

91 2620 317 2663 Pomponius:
342 2621 521 2652 eliminabo
537 2621 570 2652 h.
592 2622 764 2653 exorando
780 2622 917 2653 elimino
937 2621 978 2651 B.

90 2675 155 2706 hoc
175 2675 276 2706 unice
291 2687 406 2707 verum
418 2676 583 2709 Gerlach.
609 2690 708 2722 quam
725 2678 850 2708 clamos
864 2677 979 2718 Stieg-

88 2730 277 2763 litz.Voss.
301 2743 443 2775 quonam
468 2734 624 2765 clanculo
638 2745 670 2763 se
684 2734 906 2764 elim.fler1n.
932 2733 978 2763 cf.

91 2800 124 2829 p.
143 2785 206 2823 58,
223 2786 288 2818 52.
313 2799 412 2830 quam
437 2790 581 2820 elamore
607 2789 733 2820 Bothe.
762 2789 895 2821 Concha
919 2801 979 2820 vos

89 2844 134 2874 Β.
156 2855 227 2874 cum
253 2843 371 2873 clavus
395 2845 473 2875 istic
497 2851 607 2875 manet
632 2845 741 2877 Turn.
769 2844 898 2876 Coena.-
924 2856 980 2875 vos

89 2901 168 2930 istie
180 2905 308 2930 neariele
319 2899 388 2940 cjzl.
410 2902 592 2943 cunin-flent.
612 2902 767 2932 Evadere
782 2899 875 2937 295,
891 2901 979 2932 LA.

514 174 587 212 DE
617 173 795 212 VARIA
824 172 1293 211 SIGNIFICATIONE
1323 170 1651 210 SERMONUM.

1841 169 1927 207 901

1044 283 1123 325 vis,
1162 281 1378 333 indipiscis,
1415 292 1539 334 neque
1573 277 1700 329 farem
1735 276 1932 329 excipias?

1046 350 1244 401 Excipere
1274 356 1333 387 est
1363 350 1576 400 suscipere.
1616 347 1842 398 Virg.Aeu.
1864 346 1933 384 lib.

1046 433 1110 456 112:
1139 420 1228 463 heu,
1250 420 1338 473 quis
1363 425 1400 456 te
1423 431 1550 461 casas,
1573 418 1759 454 deiectam
1776 417 1935 468 coniuqe

1047 495 1170 532 tauto,
1188 488 1376 542 Excipit?
1408 489 1462 525 Μ.
1478 487 1638 524 Tullius
1656 488 1694 523 in
1706 487 1872 524 Verrem
1887 486 1936 523 «le

1047 560 1292 611 Suppliciis:
1319 558 1485 607 filioram
1520 571 1676 593 suorum
1704 563 1935 609 postrenmm

1046 630 1225 681 spiritum
1259 642 1324 665 ore
1358 628 1532 680 excipere
1563 627 1710 663 liceret.
1762 626 1938 677 Excipit,

1701 696 1808 746 Virga
1838 696 1939 733 Aen.

1047 768 1115 806 lib.
1132 783 1199 805 111:
1231 774 1269 806 et
1287 769 1473 806 scelernm
1493 767 1612 818 fariis
1631 769 1820 819 aqitatas‘,
1842 765 1942 802 Ore-

1048 700 1238 750 opprimit
1270 699 1331 736 vel
1373 697 1641 735 circumvenit.

1048 844 1124 875 stes
1165 838 1326 882 Excipit
1366 839 1579 874 incautam.
1623 836 1681 873 M.
1708 836 1867 872 Tullius
1893 835 1941 871 ad

1050 909 1285 959 Pompeium
1311 907 1379 945 lib.
1401 921 1483 944 1111:
1513 907 1620 960 quod
1646 907 1682 941 si
1704 911 1775 950 est,
1794 919 1871 942 non.
1895 913 1939 942 ‘20

1048 978 1158 1014 modo
1196 979 1270 1014 iter
1305 992 1428 1014 meum
1460 977 1732 1017 interclasmn‚
1783 975 1853 1011 sed
1893 988 1942 1011 ne

1049 1049 1171 1099 ipsum
1198 1047 1318 1099 plane
1344 1052 1543 1100 exceptum
1571 1045 1752 1097 patabat.
1784 1045 1837 1082 Et
1856 1060 1942 1082 rur—

1050 1131 1151 1153 sum:
1182 1118 1375 1153 admoniti
1395 1129 1541 1159 sumus,
1565 1121 1607 1152 nt
1633 1128 1871 1158 caveremus,
1896 1128 1944 1151 ne

1050 1187 1314 1238 exciperemur
1333 1199 1358 1222 a
1375 1185 1560 1223 Caesare.
1575 1185 1774 1235 Excipere
1789 1199 1943 1222 rursum

1049 1255 1270 1292 extrahere.
1295 1255 1522 1293 M.Tullius
1545 1255 1593 1291 de
1619 1254 1679 1292 Re
1697 1254 1858 1305 publica
1874 1254 1943 1292 lib.

1049 1339 1130 1362 1111:
1151 1337 1248 1378 quos
1263 1325 1474 1378 insepultos
1491 1324 1737 1378 reliquissent
1756 1337 1832 1366 θος,
1849 1336 1945 1377 qnos

1050 1408 1070 1432 e
1096 1396 1198 1432 mari
1214 1400 1377 1447 propter
1404 1396 1479 1431 vim
1502 1396 1743 1447 tempestatis
1769 1395 1944 1445 excipere

1049 1478 1128 1501 non
1167 1466 1384 1517 potuissent
1403 1492 1415 1507 ,
1443 1466 1669 1500 innocentes
1703 1464 1942 1500 necaverint.

1051 1534 1163 1584 Virg.
1192 1534 1231 1570 iu
1256 1534 1476 1571 Bucolicis:
1508 1547 1585 1570 non
1611 1546 1677 1584 eqo
1703 1539 1741 1570 te
1764 1532 1943 1570 vidiDa-

1048 1605 1185 1647 monis,
1217 1606 1394 1657 pessime,
1425 1617 1587 1657 capram
1616 1602 1814 1654 Excipere
1848 1603 1943 1639 insi-

1051 1674 1154 1711 diis?
1185 1674 1399 1724 Excipere,
1418 1688 1591 1718 manere,
1620 1673 1779 1710 hahere.
1831 1673 1942 1724 Virg.

1049 1744 1151 1781 Aen.
1191 1743 1257 1779 lib.
1280 1757 1361 1779 1111:
1403 1757 1495 1792 erqo
1524 1744 1629 1795 ipsas
1662 1745 1839 1796 quamvis
1873 1757 1943 1780 an-

1046 1813 1353 1864 yzcstt‘te1·1ninus
1366 1813 1453 1848 aevi
1463 1810 1879 1864 ExcipiatExcipere,
1893 1821 1938 1851 30

1559 1881 1731 1919 Oratore
1780 1882 1847 1919 lib.
1890 1897 1938 1919 11:

1049 1953 1240 2005 quaedam
1275 1952 1369 1988 dari
1402 1957 1567 1988 exacuta
1604 1952 1660 1989 ad
1689 1959 1938 2002 pertractan-

1050 1887 1223 1933 captare.
1277 1883 1422 1920 Cicero
1469 1882 1518 1918 de

1047 2022 1118 2058 dos
1138 2023 1286 2058 animos
1311 2021 1505 2057 hominum
1534 2027 1570 2057 et
1597 2021 1653 2057 ad
1687 2023 1938 2074 excipiendas

1048 2105 1179 2128 eoram
1204 2091 1438 2128 voluntates.

1101 2161 1297 2198 EVADERE
1330 2165 1390 2198 est
1415 2160 1588 2197 liberari.
1635 2160 1725 2198 Sal·
1743 2159 1799 2212 (p.
1814 2158 1935 2206 294.)

1044 2285 1104 2315 El.
1132 2285 1291 2327 colligere
1303 2285 1367 2316 W.
1393 2296 1456 2316 non
1482 2286 1727 2316 miserrnnms?
1754 2286 1878 2317 Klotz.
1898 2296 1934 2319 30

1043 2341 1205 2371 inductus
1232 2341 1293 2371 W'.
1335 2340 1497 2378 eliditur,
1529 2342 1697 2373 laniatur.
1737 2343 1934 2373 Eranclare

1045 2396 1137 2433 292,
1156 2395 1253 2428 2.A.
1282 2397 1504 2440 tr.de7·ipi1ur
1524 2397 1681 2440 chauih.
1709 2399 1934 2439 {tuomet-itm·

1043 2453 1260 2487 Bindandus,
1272 2452 1452 2489 Heinrich,
1463 2454 1548 2485 Mai.
1562 2466 1625 2498 quo
1638 2466 1714 2485 era·
1727 2451 1932 2496 (1›fng·.295.)

1042 2509 1095 2539 dit
1115 2509 1180 2540 RV.
1194 2509 1287 2540 L.B.
1313 2509 1397 2552 qnid
1412 2510 1466 2540 liic
1481 2516 1624 2553 coeptat,
1649 2517 1708 2541 aut
1729 2523 1793 2555 quo
1812 2510 1930 2541 erade!

1045 2563 1167 2595 hodie?
1193 2565 1238 2595 Α.
1261 2564 1294 2595 J.
1319 2565 1403 2595 scin'
1426 2568 1550 2609 quam?
1583 2578 1646 2610 (sao
1677 2567 1819 2601 evadas,
1856 2565 1931 2597 vide

1049 2620 1143 2661 ing-J.
1185 2626 1252 2650 tam
1286 2621 1470 2663 improbum
1495 2633 1546 2653 ev.
1582 2621 1644 2653 Or.
1686 2624 1842 2653 verebare
1866 2635 1927 2653 non

1041 2682 1239 2718 poteramus
1265 2677 1303 2706 B.
1343 2677 1492 2708 evadere.
1520 2678 1677 2709 Evadere
1702 2678 1793 2714 294,
1828 2679 1858 2709 1.
1883 2679 1928 2709 Α.

1045 2733 1198 2774 excipere
1224 2736 1306 2773 pozt
1331 2732 1424 2769 294,
1448 2732 1484 2764 8.
1505 2735 1555 2765 ‘A.
1581 2736 1621 2765 ab
1645 2747 1681 2765 eo
1709 2737 1798 2775 vulg.
1825 2736 1870 2765 cs.
1901 2747 1931 2770 ιο

1047 2800 1078 2830 p.
1102 2786 1268 2821 128,55.
1295 2789 1371 2819 cubi
1387 2789 1570 2830 indipiscis
1582 2791 1622 2821 Β.
1647 2791 1705 2821 scr!
1723 2804 1770 2821 mc
1797 2792 1874 2822 edd.
1898 2802 1933 2825 20

1046 2843 1136 2888 quod
1161 2846 1267 2886 insep.
1297 2845 1384 2886 vulg.
1422 2846 1587 2889 quaedam
1613 2848 1707 2878 clara
1725 2853 1873 2877 elacata
1900 2858 1935 2881 30

1046 2900 1079 2931 b.
1114 2899 1234 2930 exltae
1252 2901 1323 2931 vila
1342 2902 1405 2933 W.
1430 2908 1613 2944 praecepta
1642 2903 1806 2946 qecaedam
1838 2915 1938 2946 pos-:e-

1514 2967 1572 3003 2ss
