2174 3267
253 128 313 166 84

253 234 365 272 cere?
403 246 452 270 ne
479 234 584 269 cuius
614 236 651 267 ct
677 233 874 268 nascentis
913 237 949 268 et
990 233 1131 269 inseni-

253 297 439 355 (p.122.)
473 300 617 338 scentis
643 300 744 337 (ilias
782 299 1003 343 hebetiora,
1036 299 1134 337 alias

253 372 430 410 acutiora
454 369 638 407 videntur
665 382 826 406 cornua.

306 440 463 477 Hmuos
503 439 567 476 vel
606 452 752 477 muxAs
788 439 860 476 sul)
899 452 976 490 quo
1018 451 1134 476 sensu

253 510 432 561 accipere
454 508 679 553 debeamus,
705 509 832 546 Varro
857 508 1058 559 designat:
1079 508 1134 544 ait

253 580 368 625 enim,
390 592 436 616 cx
457 580 564 634 equis
585 584 622 616 et
645 579 790 616 innulis
815 580 885 633 qui
904 583 1134 621 nascantur,

252 650 392 687 hinnos
417 649 561 687 vocari.

305 720 461 756 Hunis
496 717 683 755 intestina
712 721 868 755 veteres
904 730 990 754 esse
1023 716 1134 753 dixe-

252 794 368 834 runt3
394 788 497 825 unde
520 786 694 829 Bohilla.
722 786 913 837 oppidum
936 786 976 821 in
1002 784 1135 829 Italia,

253 858 357 909 quod
386 872 432 894 eo
460 857 534 894 hos
563 856 748 893 intestina
783 855 946 892 vulnere
975 854 1135 891 trahens

253 927 471 965 advenerit.
499 925 711 962 Laberius:
741 923 835 961 labit
860 925 950 961 item
979 923 1135 967 billum,-

258 1005 301 1034 10
322 1010 432 1034 cocus
458 996 494 1032 si
516 994 681 1031 lumbum
705 994 868 1037 adussit,
889 992 1029 1045 flaqris
1049 1006 1134 1031 cae-

252 1067 373 1103 ditur.
407 1065 518 1102 Idem
544 1063 766 1102 Catulario:
795 1076 890 1101 neve
905 1064 1020 1100 aliter
1033 1063 1136 1100 hunc

248 1134 457 1187 pedicabis,
485 1147 559 1188 quo
591 1133 701 1170 modo
734 1133 860 1178 video,
892 1133 1138 1170 adulescenti

256 1211 387 1242 nostro
416 1204 548 1242 caedis
575 1203 682 1240 lulla.

304 1275 564 1311 Hfflxmtmnu
595 1287 670 1325 pro
704 1272 956 1317 hinnienter3
996 1271 1044 1308 ab
1073 1284 1134 1315 eo,

255 1345 362 1396 quod
396 1349 456 1381 est
491 1344 625 1380 hinno.

255 1414 324 1452 lih.
359 1427 445 1450 xvl:
488 1425 611 1466 equae
646 1411 911 1448 hin-nibzmdae
948 1413 1051 1448 inter
1096 1424 1136 1448 se

255 1488 483 1537 sparqentes
513 1488 661 1519 terram
690 1479 873 1517 calcibus.

398 1650 554 1679 melem*
589 1649 666 1676 pun
702 1632 737 1675 I.
774 1648 1000 1675 mmmmm.

309 1763 618 1801 INcunv1sctan.
677 1761 823 1799 Cicero
878 1760 927 1798 de
966 1759 1140 1799 Oratore

261 1834 329 1871 lib.
350 1848 415 1871 111:
445 1838 501 1877 ut,
531 1832 715 1868 bacarum
741 1830 955 1868 ubertatem
978 1830 1146 1868 incurvi-

260 1917 379 1942 scere.
412 1903 474 1940 Ita
499 1907 538 1940 et
564 1902 605 1938 in
630 1901 870 1938 Tusculanis
893 1900 962 1937 lib.
984 1915 1009 1937 1.
1114 1894 1117 1897 ¹

265 1982 310 2011 20
380 1973 657 2011 Imm-mmm.
703 1970 848 2008 Cicero
883 1969 1142 2008 Academico-

263 2057 347 2081 rum
370 2042 439 2080 lib.
464 2056 544 2079 1111:
573 2041 630 2078 ad
652 2041 720 2077 hoc
741 2039 1057 2084 Anaximandro,
1074 2052 1142 2092 po-

261 2113 413 2165 pularis
439 2117 476 2148 et
496 2110 626 2148 sodali
641 2123 724 2153 sue,
745 2123 824 2146 non
839 2109 1059 2162 persuasit:
1082 2108 1144 2145 his

265 2183 365 2220 enim
402 2179 647 2229 infinitatem.
681 2192 812 2215 rerum
835 2184 955 2233 atque
977 2185 1147 2216 naturae

265 2258 302 2289 et
336 2252 377 2287 in
416 2251 486 2287 hoc
512 2249 653 2286 mundo
688 2250 770 2300 ipso
796 2248 968 2293 caelum,
1000 2254 1143 2291 terras,

265 2321 392 2358 maria
418 2321 688 2372 cognoscimus.

263 2406 477 2455 <pag.122.)
501 2414 580 2442 ante
605 2410 641 2442 J.
668 2410 763 2453 equis
786 2415 819 2440 et
840 2410 959 2451 ynnlis
977 2421 1019 2441 an
1038 2410 1144 2441 mulis

263 2469 433 2500 incertum
459 2468 494 2498 in
517 2468 559 2498 L.
586 2473 617 2498 et
631 2467 733 2497 mulis
757 2467 804 2497 A.
830 2465 928 2496 innos
941 2478 972 2496 v.
998 2466 1036 2496 L.
1061 2467 1144 2497 Iam-

265 2525 313 2555 bit
336 2527 417 2555 ante
442 2523 490 2554 Μ.
516 2523 604 2555 lavit
627 2521 770 2564 choth.
806 2526 891 2551 atem
915 2522 1035 2553 illam.
1050 2521 1143 2565 ,fra-

979 2577 1086 2609 ln'llas
1109 2578 1144 2610 J.

266 2636 355 2680 quod
379 2635 496 2666 hinnio
519 2635 566 2666 M.
590 2635 674 2664 xxi.-
698 2634 777 2677 equi
801 2633 844 2664 M.
872 2634 951 2677 equi
974 2634 1009 2666 J.
1033 2634 1145 2665 hinni-

267 2704 302 2726 20
327 2691 436 2722 lnmde
459 2691 537 2722 cdd.
578 2690 728 2721 ubertate
762 2689 841 2719 edd.
881 2695 917 2720 at
941 2689 1002 2721 hoc
1033 2689 1143 2722 AJM.

264 2747 428 2790 populari
460 2747 537 2778 edd.
584 2746 614 2776 is
648 2746 734 2776 enim
771 2745 882 2777 AJM.

269 2815 395 2834 rerum:
425 2802 627 2834 exciderunt
649 2801 812 2832 nonnulla
838 2801 880 2832 dc
906 2801 1009 2832 Tusc.
1035 2801 1098 2834 lib.
1114 2814 1143 2833 v.

268 2859 328 2890 lib.
354 2860 409 2891 1‘1'1':
446 2859 546 2899 insip.
582 2857 656 2889 «ΠΜ.
699 2857 807 2887 Far-ro
848 2869 878 2898 p.
904 2856 1048 2895 49‚2(i.
1096 2859 1145 2888 in-

270 2592 301 2615 10
324 2581 410 2623 ¹qilis
435 2578 566 2610 ceditur
589 2578 627 2609 L.
669 2589 775 2621 neque
800 2577 930 2620 chips.

928 2744 1144 2788 infinitatem.

680 1342 870 1379 Claudius
913 1340 1135 1379 Annalibus
1150 1387 1156 1391 η

870 124 985 163 NON
989 124 1079 163 IUS
1107 124 1442 164 MARCELLUS

1254 232 1479 270 INSAMTAS.
1492 232 1634 270 Cicero
1646 231 1961 270 Tusculanarum
1969 230 2037 267 lib.
2048 244 2079 267 1:

1203 302 1428 355 insipientia
1452 307 1582 339 autem
1606 302 1722 356 quasi
1742 301 1956 345 insanitas,
1982 312 2084 355 quae

1204 377 1301 408 esset
1314 372 1486 415 insania,
1504 372 1713 425 eademque
1727 372 1935 409 dementia.
1954 369 2083 407 Varro

1204 439 1507 478 Eumenidihus:
1536 454 1660 494 apage
1683 442 1725 478 in
1747 441 1959 478 dierectum
1975 452 2001 476 a
2018 439 2084 476 do-

1204 523 1262 546 mo
1289 515 1427 547 nostra
1454 512 1569 548 istam
1595 511 1874 549 insanitatem!

1257 578 1578 617 INFRACTIONEM.
1609 580 1750 618 Cicero
1771 578 2085 617 Tusculanarum

1204 646 1273 684 lib.
1294 663 1356 685 111:
1400 649 1441 685 in
1479 663 1591 703 quem
1629 649 1747 687 cadat
1785 647 2004 699 ae9m·tud0‚
2036 654 2083 684 30

1205 718 1347 754 cadere
1375 720 1416 755 in
1445 732 1530 756 eum
1558 721 1729 756 timorem
1754 724 1792 756 et
1815 718 2087 766 infractionem

1205 787 1359 839 quidem
1387 789 1522 826 animi.

1256 856 1508 902 Ivaunum,
1545 862 1721 907 agrestes
1760 870 1893 894 nuces.
1944 856 2086 894 Cicero

1205 925 1518 964 Tusculanarum
1559 926 1616 963 lib
1645 939 1688 962 v:
1738 926 1997 980 instituitque,
2044 927 2089 962 ut

1204 995 1461 1033 candentibus
1474 996 1607 1047 iuqlan
1612 995 1716 1032 dium
1723 995 1988 1049 putaminibus
2000 994 2089 1032 bar-

1204 1065 1290 1102 bam
1317 1065 1392 1102 sibi
1412 1071 1449 1103 et
1470 1065 1650 1119 capillum
1670 1065 1871 1103 adureret.
1894 1065 1952 1116 (p.
1970 1059 2088 1110 125.)

1258 1134 1626 1180 INGENERARETUR,
1655 1139 1698 1172 ut
1712 1135 1994 1172 innasceretur.
2022 1133 2088 1171 Ci-

1205 1218 1296 1242 cero
1309 1204 1639 1241 Academicorum
1651 1203 1720 1242 lib.
1736 1219 1797 1241 111:
1819 1204 1859 1240 in
1874 1209 1988 1240 tanta
2002 1203 2088 1240 ani-

1204 1275 1391 1312 mantium
1404 1275 1609 1317 varietate,
1623 1274 1769 1311 homini
1787 1279 1831 1310 ut
1853 1273 1927 1310 solz·
1942 1273 2090 1327 cupidi-

1204 1349 1267 1381 tas
1278 1343 1579 1395 ingeneraretur
1592 1343 1818 1394 coqnitionis
1835 1348 1873 1379 et
1885 1343 2085 1380 scientiae.

1258 1412 1515 1449 IUVEN1L1TAS
1541 1426 1616 1463 pro
1645 1413 1837 1450 iuventus.
1866 1412 1995 1449 Varro
2016 1411 2089 1449 Ti-

1206 1482 1368 1527 thonio,
1396 1477 1494 1531 περὶ
1518 1471 1673 1534 γήρωςε
1707 1495 1787 1536 qua
1818 1482 1867 1518 de
1893 1494 1937 1518 re
1963 1481 2091 1535 liquid

1205 1551 1457 1605 multicupida
1485 1551 1719 1588 iuvenilitas.

1258 1621 1363 1659 hm
1385 1634 1459 1672 pro
1477 1621 1644 1659 incessu.
1673 1620 1850 1658 Titinius
1865 1620 2024 1657 Setina:
2044 1627 2088 1658 10

1207 1692 1315 1734 itmn,
1329 1696 1492 1742 gestum,
1509 1691 1691 1728 amictum
1709 1691 1781 1744 qui
1793 1689 1977 1727 videbant
1992 1689 2088 1726 eius.

1259 1759 1455 1804 IGNAvn,
1482 1759 1524 1796 id
1553 1763 1635 1805 est,
1658 1759 1840 1810 ignavum
1862 1759 1969 1797 fecit.
2011 1759 2090 1798 Ac-

1209 1829 1292 1866 cius
1319 1828 1521 1893 Aeneadis
1551 1833 1617 1866 aut
1643 1829 1787 1867 Decio:

1261 1899 1481 1937 INPLleARE
1506 1899 1681 1950 positum
1705 1913 1778 1950 pro
1798 1913 1952 1937 ornare.
1975 1899 2089 1937 Afra-

1207 1970 1295 2006 nius
1316 1968 1566 2007 Brumdisi0:
1607 1969 1650 2005 in
1674 1975 1791 2021 parte
1815 1968 2003 2020 inferiore
2028 1969 2090 2006 hic

1208 2039 1469 2093 inplicabatur
1492 2043 1624 2091 caput.
1667 2037 1836 2082 Fateor,
1871 2038 1944 2075 sed
1969 2051 2084 2092 saepe

1209 2110 1357 2162 iqnavz't
1381 2108 1522 2156 fortem
1550 2108 1592 2144 in
1617 2120 1684 2160 spe
1714 2109 1941 2160 expectatio.

1261 2179 1400 2216 INAms
1427 2191 1501 2230 pro
1528 2178 1731 2215 inanitate.
1768 2177 1935 2215 Plautus
1963 2177 2088 2216 Aulu-

1208 2248 1326 2285 laria:
1367 2249 1423 2285 ita
1462 2249 1593 2286 inanis
1626 2253 1718 2285 sunt
1755 2248 1928 2301 oppletae
1971 2255 2089 2304 atque

1209 2323 1384 2356 arantes.

1209 2410 1326 2440 stituit
1349 2414 1386 2440 ut
1411 2409 1451 2440 L.
1495 2408 1924 2452 iuglandum..adurerent
1949 2409 2027 2440 cdd.
2053 2418 2089 2444 30

1209 2469 1347 2508 praeter
1361 2464 1404 2496 Α.
1429 2465 1631 2495 animalium
1653 2463 1723 2495 AJ.
1751 2465 1862 2496 Varro
1879 2461 1970 2507 (pag.
1983 2462 2089 2501 125.)

1210 2534 1246 2564 p.
1265 2521 1357 2557 455,
1372 2520 1436 2552 24.
1467 2520 1608 2551 Tithono
1637 2519 1753 2551 1526.
1776 2520 1850 2552 JM.
1878 2532 1979 2564 quam
1996 2521 2087 2552 dere-

1209 2578 1314 2621 liquit
1338 2576 1515 2618 chentin.
1540 2576 1611 2607 JM.
1646 2575 1741 2607 sedin
1764 2577 1816 2607 e'lu
1841 2583 1967 2608 cestum
1991 2578 2030 2609 L.
2057 2587 2090 2612 ιο

1208 2633 1368 2676 [uitauit.
1383 2657 1391 2664 .
1405 2657 1411 2663 .
1428 2657 1434 2663 .
1450 2633 1551 2663 Decio
1577 2643 1644 2663 om.
1670 2632 1704 2663 J.
1748 2633 1822 2675 ἶφι.
1836 2633 1925 2675 facit
1949 2634 1997 2666 M.
2022 2633 2090 2665 De-

1183 2729 1187 2735 .
1209 2688 1329 2719 ficiens
1340 2689 1531 2731 exemplum
1544 2688 1646 2719 Accii
1665 2687 1822 2719 adhaesit
1838 2691 1995 2733 sequenti
2010 2690 2089 2722 lem-

1211 2745 1295 2775 mati
1320 2745 1365 2775 cs.
1391 2757 1424 2787 p.
1444 2742 1532 2779 126,
1556 2743 1616 2775 15.
1642 2744 1875 2777 Retraxeruut
1900 2747 1996 2783 edd.‚
2027 2747 2089 2779 sed

1212 2801 1298 2832 male
1323 2805 1400 2832 ante
1425 2800 1471 2831 Μ.
1504 2811 1577 2831 voc.
1613 2800 1724 2842 sutem·
1759 2802 1829 2833 illic
1861 2802 2086 2846 reliquerant.

1214 2857 1360 2888 Fateor..
1371 2861 1500 2898 expect.
1512 2867 1575 2887 om.
1588 2856 1636 2888 Μ.
1652 2857 1706 2888 νοτ(
1717 2882 1732 2888 ..
1743 2864 1869 2896 orpecl.
1880 2869 1942 2889 om.
1953 2863 2030 2890 ante
2038 2857 2085 2891 Μ.
