2174 3267
201 128 286 167 192

249 238 448 274 Desrirm
473 240 533 272 est
561 235 745 272 desolari.
785 233 959 271 Destitui
993 248 1078 272 rur-

196 321 278 344 sum
299 306 429 343 statui.
470 304 620 342 Nevius
652 304 690 340 in
723 303 1001 355 Gymnasticoz
1039 305 1080 340 in

197 374 253 427 (p.
268 373 384 419 280.)
415 375 492 411 alto
512 387 647 410 navem
687 372 789 409 iubet
822 374 983 409 destitui
1009 386 1079 409 an-

202 446 340 483 choris.
373 443 570 481 Caecilius
598 443 636 480 in
659 442 876 492 Symbolo:
906 442 1081 479 destituit

197 528 325 552 omncs
354 526 482 550 servos
511 513 564 549 ad
590 525 759 549 mensam
787 517 879 548 ante
906 525 959 548 se.

250 584 463 621 Dammae
488 588 548 619 est
571 583 715 618 dicare.
745 581 801 617 M.
819 581 979 617 Tullius
1002 581 1080 617 Ac-

196 654 277 691 cius
291 654 331 690 iu
342 653 590 690 Alfesiboea:
618 652 673 688 ad
686 664 834 695 vereor,
846 665 930 687 cum
948 656 985 687 te
1001 662 1082 686 esse

195 723 394 760 Almeonis
418 722 582 770 fratrem
604 720 721 772 factis
742 721 911 757 dedicat.
945 720 1082 757 Caeci-

196 793 271 830 lius
292 794 332 830 in
349 792 560 831 Annalium
582 791 648 828 lib.
666 805 696 827 1:
727 791 850 840 leqati
877 803 952 843 quo
977 790 1084 826 missi

196 868 301 907 sunt,
330 863 504 902 veniunt,
532 862 717 898 dedicant
744 859 949 897 mandata.

246 934 428 977 DICERE9
471 932 723 969 constituere.
781 930 999 967 Terentius
1041 930 1081 966 in

195 1002 366 1040 Andria:
391 1001 568 1053 placuit3
596 999 816 1052 despondit;
832 999 920 1036 hinc
938 1000 1081 1052 nuptiis

200 1072 324 1109 dictus
369 1077 426 1107 est
462 1071 561 1107 dies.
618 1070 788 1114 Dicere,
832 1069 1080 1106 denuntiare.

200 1150 243 1179 10
275 1140 452 1178 Lucilius
479 1140 546 1177 lib.
565 1153 721 1176 xxvm:
751 1140 930 1176 minitari
946 1145 1081 1190 aperte

196 1211 337 1263 cupitis
377 1210 568 1247 dicturum
612 1210 726 1246 diem.
773 1209 996 1247 «Terentius
1041 1210 1080 1245 iu

198 1280 369 1318 Andria:
399 1280 469 1316 sed
487 1280 571 1316 dico
591 1279 674 1323 tibi,
692 1279 756 1316 Ne
778 1285 919 1316 temere
936 1278 1077 1330 facias.

194 1351 342 1389 Dicere
369 1355 429 1387 est
449 1350 635 1386 indicare.
666 1349 775 1400 Virg.
797 1349 837 1386 in
858 1349 1078 1386 Bucolicis:

193 1421 256 1457 dic
280 1420 392 1463 mihi,
420 1418 634 1463 Damoeta,
659 1420 785 1455 cuium
811 1417 960 1471 pecus?
1008 1418 1079 1454 Di-

198 1504 313 1533 cere,
343 1489 486 1526 dieare.
528 1489 642 1538 Virg.
676 1488 744 1524 lib.
765 1502 827 1524 vi:
855 1487 1002 1525 Iunoni
1022 1489 1079 1524 in-

192 1559 334 1611 fernae
353 1559 479 1596 dictus
504 1571 629 1594 sacer.
678 1558 846 1602 Dicere,
871 1557 1080 1595 destinare.

193 1629 252 1667 M.
274 1628 432 1667 Tullius
455 1628 503 1665 de
518 1627 670 1665 Officiis
700 1627 768 1664 lib.
788 1642 852 1664 111:
882 1633 918 1664 et
945 1628 992 1672 is,
1016 1629 1085 1681 qui

194 1700 311 1736 morti
345 1699 526 1735 addictus
560 1703 678 1742 esset,
713 1710 859 1749 paucos
895 1697 971 1734 sibi
1000 1698 1082 1735 dies

196 1769 586 1806 commendandormn
602 1781 758 1805 suorum
779 1780 898 1804 causa
909 1767 1082 1820 postula-

189 1841 320 1876 visset.
361 1839 506 1876 Dicere
535 1838 650 1875 ctiam
677 1838 922 1889 promittere.
964 1837 1081 1874 Pom-

195 1910 336 1961 ponius
378 1909 417 1945 in
455 1908 701 1947 Pistoribus:
750 1920 921 1944 nummos
959 1912 1081 1944 certos

195 1981 321 2017 dica-⁹.
349 1980 435 2017 dico
471 1980 759 2034 quinquaqinta
788 1977 909 2015 milia.
950 1977 1083 2015 Sallu-

198 2058 244 2088 20
264 2050 360 2087 stius
370 2050 635 2087 Historiarum
662 2048 729 2086 lib.
752 2062 800 2085 11:
830 2048 959 2084 eodem
978 2060 1082 2083 anno

196 2121 236 2157 in
246 2120 485 2157 ffIacedonia
500 2118 622 2157 Gaius
647 2118 763 2156 Curio
774 2119 962 2171 principio
981 2118 1081 2154 veris

195 2203 280 2227 cum
310 2191 414 2226 omni
434 2190 602 2226 exercitu
625 2187 824 2240 profectus
854 2188 894 2224 in
919 2187 1080 2224 Darda-

194 2302 410 2350 (pag.280.)
450 2306 648 2349 erpcngel.
696 2306 844 2337 delicat-e
884 2305 1079 2348 ejLindem.

195 2363 346 2406 improb.
373 2363 498 2394 Malle:-
523 2364 565 2393 ad
591 2364 685 2393 Fest.
713 2375 744 2405 p.
766 2361 829 2393 70.
863 2363 1081 2393 Alcmenonis

195 2421 239 2452 A.
254 2419 393 2451 Caelius
409 2420 514 2461 Vulg.
530 2419 725 2462 despondit,
741 2419 829 2449 lzunc
844 2419 908 2450 W.
921 2420 1080 2449 minitare

198 2487 231 2511 ιο
257 2488 288 2507 a.
316 2477 425 2518 captis
459 2487 490 2506 v.
525 2476 545 2506 l.
580 2476 707 2507 Dusae.
752 2475 904 2506 iudicare
929 2475 974 2506 Α.
999 2474 1078 2505 laist.

195 2544 231 2568 20
255 2533 313 2564 lt'b.
339 2533 389 2563 iii.
415 2531 461 2563 G.
489 2532 549 2562 W.
578 2544 618 2562 in.
638 2532 671 2563 l.
696 2533 809 2572 potuit
835 2531 943 2562 modis
967 2531 1078 2562 dictas

192 2601 260 2633 pec.
300 2601 325 2619 c.
362 2588 483 2620 Carrio
519 2600 536 2619 e
574 2592 641 2620 vet.
673 2589 748 2619 cod.
784 2588 880 2619 Gerl.
914 2588 1079 2631 pecunias

194 2646 313 2689 Appia
338 2645 448 2676 dictas
475 2644 521 2676 G.
548 2644 586 2675 L.
611 2645 713 2687 appia
741 2656 807 2675 om.
827 2644 891 2675 W.
919 2642 1014 2675 485.
1030 2644 1077 2674 Α.

197 2702 315 2745 Appio
329 2701 467 2744 choth.
481 2702 612 2745 quiesce
624 2710 655 2731 et
668 2700 797 2743 chips.
811 2712 864 2743 ep.
880 2712 937 2744 qu.
956 2699 993 2737 5,
1015 2698 1078 2730 25.

194 2757 370 2790 BLNeuk.
406 2758 550 2802 quiescit
575 2756 668 2789 51¹.
691 2756 814 2800 Steph.
836 2757 996 2800 fratr-iis:
1023 2755 1079 2786 det

194 2814 291 2857 Lips.
318 2814 384 2858 Ep.
405 2827 437 2858 q.
453 2813 564 2851 5‚25.
589 2814 625 2845 in
639 2813 675 2844 id
691 2814 800 2857 iurqo‚
811 2813 871 2844 dos
896 2812 1075 2855 chopma.

194 2879 232 2905 30
268 2869 488 2903 Concordiam
523 2871 665 2913 Popma.
703 2867 792 2904 (cuin
820 2880 927 2911 prope
953 2879 1075 2911 aquam

844 125 1050 164 NONIUS
1078 127 1412 167 MARCELLUS

1145 238 1263 280 niam,
1277 237 1411 290 quibus
1420 239 1546 290 potuit
1553 239 1739 289 pecunias
1753 238 1879 275 dictas
1892 238 2025 290 coegit.

1143 306 1327 343 Afranius
1347 307 1385 343 in
1404 307 1599 357 vopisco:
1622 310 1740 358 iqitur
1752 309 1921 362 quiescet
1933 320 2025 361 quo-

1144 375 1247 411 niam
1268 377 1371 412 inter
1389 390 1457 413 nos
1477 379 1635 428 nuptiae
1650 378 1752 415 Sunt
1771 379 1913 420 dictae,
1935 389 2027 423 par-

1144 456 1209 480 cas
1229 446 1312 481 istis
1333 446 1470 490 verbis,
1496 447 1533 482 si
1550 447 1691 498 placet.
1723 448 1832 485 ldem
1853 446 2026 484 Fratris:

1145 513 1198 549 da
1222 516 1364 550 rustico
1387 517 1511 551 nescio
1539 518 1602 552 cui
1620 518 1740 553 vicino
1764 530 1832 553 suo
1848 516 2028 569 Perpau-

1141 583 1244 634 ρει-ἰ,
1262 584 1326 619 cui
1343 584 1449 620 dicat
1465 585 1563 621 dotis
1585 586 1800 637 paululum.
1831 586 2028 623 Pacuvius

1147 652 1185 688 in
1204 651 1438 690 Hermiona:
1470 655 1581 706 prius
1606 655 1704 692 data
1727 661 1797 699 est,
1822 669 1937 709 quam
1961 655 2032 692 tibi

1146 722 1242 759 dari
1266 723 1386 767 dicta,
1408 729 1478 761 aut
1504 738 1619 777 quam
1650 726 1817 762 reditum
1845 730 1902 762 est
1927 725 2028 762 Per-

1142 805 1269 842 qaum.
1303 793 1428 830 Varro
1441 793 1667 844 Mysteriis:
1697 795 1738 830 in
1756 794 1798 830 id
1817 795 1940 846 virqo,
1960 795 2028 832 dos

1145 874 1170 898 a
1204 861 1350 913 femina
1389 868 1430 899 ut
1463 862 1696 913 auferatur,
1728 876 1829 916 quae
1857 864 1951 900 mihi
1980 872 2025 901 30

1141 936 1395 985 posteaquam
1431 933 1486 969 ad
1527 932 1770 969 concordiam
1817 932 1922 969 dicta
1956 939 2026 970 est.

1145 1000 1307 1045 Dicere,
1333 1001 1436 1039 dare.
1465 1002 1522 1039 M.
1537 1002 1696 1039 Tullius
1718 1002 1766 1039 de
1787 1001 1940 1039 Officiis
1962 1002 2030 1039 lil».

1144 1084 1188 1107 11:
1222 1072 1412 1108 commode
1449 1078 1597 1116 autem,
1637 1073 1867 1126 quicumque
1906 1073 2028 1109 dixit:

1140 1141 1359 1192 pecuniam.

1195 1210 1404 1247 DiGNATcs
1423 1210 1617 1261 significat
1627 1210 1768 1258 dignus
1780 1207 2030 1261 ha-(p.281.)

1144 1279 1260 1316 bitus.
1272 1280 1381 1331 virg.
1393 1280 1461 1317 lib.
1472 1293 1516 1317 111
1529 1295 1537 1316 :
1553 1282 1739 1332 coniu'qio,
1750 1280 1939 1324 Anchisa,
1955 1279 1995 1316 V
1993 1293 2030 1315 e-

1145 1351 1249 1386 neris
1269 1350 1430 1400 diqnate
1444 1349 1617 1401 superbo.
1638 1350 1782 1386 Accius
1801 1350 1840 1386 iu
1850 1349 2029 1399 Neopto-

1145 1420 1266 1455 lemo:
1283 1419 1353 1455 sed
1364 1432 1474 1472 quem
1487 1419 1580 1455 milei
1594 1419 1658 1455 iun
1661 1424 1753 1470 gent
1769 1421 1902 1472 tuique
1913 1424 1956 1455 tu
1967 1419 2030 1455 illo

1142 1487 1305 1536 fuerint,
1332 1488 1523 1540 dignabor
1550 1489 1660 1526 dari.
1688 1489 1799 1526 Idem
1820 1489 1859 1525 in
1881 1489 2028 1526 Atreo:

1145 1571 1264 1607 eqone
1289 1557 1481 1608 Argivum
1503 1559 1701 1610 imperium
1728 1559 1934 1610 attingam,
1961 1563 2031 1595 aut

1144 1627 1301 1680 Pelopis
1314 1628 1455 1679 diqncr
1470 1629 1578 1665 clorno
1588 1628 1606 1665 Ρ
1629 1627 1715 1675 Quo
1730 1642 1788 1665 me
1802 1626 2029 1664 ostendam?

1146 1697 1251 1751 quod
1285 1697 1464 1750 templum
1497 1697 1664 1734 adeam?
1705 1710 1806 1746 quae
1838 1709 1942 1734 more
1967 1696 2030 1748 fa-

1146 1772 1252 1803 nesto
1296 1766 1521 1821 colloquar?
1573 1767 1716 1804 Cicero
1756 1767 1794 1804 in
1835 1767 2029 1805 Oratore:

1147 1850 1385 1891 quamquam
1408 1839 1507 1874 enim
1533 1838 1654 1874 omnis
1673 1837 1810 1874 locutio
1837 1838 1960 1874 oratio
1985 1843 2027 1875 10

1145 1913 1215 1944 est.
1223 1906 1336 1954 Quae
1344 1913 1473 1944 tamen
1481 1908 1668 1944 consimili
1676 1907 1793 1944 laude
1802 1907 2029 1958 dignantur.

1197 1976 1315 2014 Dima
1330 2005 1339 2021 9
1363 1977 1587 2014 ostendere.
1628 1976 1805 2013 Lucilius
1826 1976 1893 2013 lib.
1912 1989 2027 2013 xxvi:

1145 2047 1348 2101 animoque
1369 2052 1561 2099 aegrotat,
1579 2047 1741 2084 vidimus
1753 2059 1911 2099 corpore
1926 2046 2029 2083 hunc

1144 2117 1295 2169 signum
1334 2117 1445 2153 dare.
1491 2116 1619 2160 Dare,
1658 2120 1808 2166 petere.
1849 2114 2027 2153 Lucilius

1144 2186 1211 2223 lib.
1233 2200 1276 2222 v:
1312 2187 1428 2223 sicuti
1453 2200 1537 2223 cum
1565 2187 1713 2238 primus
1742 2184 1835 2233 ficos
1863 2186 2027 2237 propola

1147 2305 1300 2347 Appiam
1326 2304 1432 2335 suerit
1454 2304 1586 2345 siguum
1602 2304 1708 2337 Cone.
1721 2303 1811 2346 apud
1832 2303 1925 2345 quod
1952 2314 2027 2334 con-

1146 2361 1241 2400 iugia
1256 2357 1491 2395 celebrabant)
1509 2361 1595 2391 salso
1608 2360 1637 2391 si
1649 2360 1730 2403 quid
1745 2359 1846 2391 video
1861 2358 2027 2391 Gerlach.

1145 2417 1205 2460 qui
1221 2416 1375 2447 condixit
1390 2416 1482 2458 ng.
1504 2417 1683 2460 pecuniam
1696 2416 1756 2459 qui
1772 2415 1891 2445 habeat
1916 2424 2028 2448 nonsso

1144 2473 1240 2504 redd.
1256 2472 1516 2504 Orell.habi111s
1533 2473 1629 2517 Vir-q.
1642 2472 1796 2515 coniuqio
1812 2467 2027 2513 (pag.281.)

1145 2528 1191 2561 G.
1205 2530 1244 2560 L.
1271 2529 1319 2560 cf.
1336 2541 1367 2571 p.
1382 2527 1475 2564 286,
1491 2527 1556 2560 29.
1591 2528 1743 2570 superbo.
1764 2527 1959 2558 Deliberare
1980 2527 2024 2558 B.

1145 2586 1209 2616 cfr.
1240 2597 1273 2627 p.
1302 2583 1400 2621 282,
1429 2584 1464 2616 8.
1505 2585 1623 2627 cuique
1661 2589 1696 2613 iu
1735 2584 1781 2615 A.

1144 2642 1313 2672 voluerint
1348 2640 1523 2682 cherlch.
1555 2640 1610 2670 cui
1641 2651 1726 2683 quae
1758 2651 1830 2669 cum
1856 2639 1918 2669 illo
1948 2638 2024 2681 fue-

1829 2584 1949 2627 cuique
1974 2583 2027 2613 tui

1143 2697 1206 2727 rim
1238 2692 1380 2739 cherc.
1407 2696 1535 2739 quoinuc
1565 2700 1625 2725 ost.
1664 2694 1795 2736 chips.
1822 2706 1876 2737 ep.
1903 2706 1959 2738 qu.
1987 2694 2024 2729 4,

1144 2752 1180 2785 8.
1208 2752 1350 2795 Pelopia
1366 2752 1464 2783 Voss.
1479 2750 1593 2782 Bothe
1608 2749 1645 2782 2.
1670 2763 1764 2793 quein
1784 2762 1838 2781 ore
1862 2752 1929 2782 Ms.
1955 2751 2022 2782 ,Fa-

1143 2809 1208 2840 bri.
1225 2807 1354 2851 chips.
1377 2819 1432 2850 ep.
1447 2820 1503 2851 qu.
1525 2806 1562 2843 4,
1582 2806 1620 2838 8.
1638 2808 1836 2839 MssAEIerc.
1863 2807 2023 2850 alloquar

1142 2863 1410 2908 che1·c.ve1-ba:
1429 2869 1534 2895 lamen
1554 2864 1657 2895 unius
1674 2863 1821 2895 oratoris
1838 2863 1962 2894 locutio
1990 2871 2022 2895 ιο
