2174 3267
536 175 609 213 xl.

150 286 393 323 Fnsnviwn
419 296 494 334 pro
517 284 668 321 festive.
721 284 870 323 Novius
896 283 975 322 Ge-

97 356 231 394 minis:
260 368 280 391 o
312 353 445 391 domus
475 359 624 405 parata
645 355 836 405 pulchrae
866 354 978 407 fami-

95 426 172 463 liae
196 424 416 476 festiviter!

147 495 361 533 AvAmnn
381 507 456 544 pro
479 508 605 532 avare.
636 494 807 532 Plautus
827 495 978 533 Curcu-

95 565 220 601 lione:
260 563 330 601 hoc
361 564 470 608 vide,
505 570 548 601 ut
571 564 798 617 Inqzcrqz'tat
824 566 981 618 impura

94 634 137 671 in
178 646 220 669 se
262 647 409 671 merum
449 635 633 671 avariter.
693 635 981 684 Quadrigarius

96 703 242 742 Annali
265 703 334 740 lib.
356 718 447 741 xxx:
471 704 684 741 crudeliter
708 704 784 747 ille,
820 718 889 741 nos
912 706 980 741 mi-

95 773 367 817 ser1·corditer‚·
386 775 560 811 avariter
582 774 660 817 ille,
682 787 752 811 nos
774 774 978 825 largimur.

99 851 144 881 20
171 843 271 881 Cato
302 843 351 880 de
376 844 535 882 Praeda
560 843 728 881 militum
751 844 980 882 dividenda:

96 912 372 964 fraudulenter
397 919 517 967 atque
544 915 731 951 avariter.

149 983 353 1020 Ameana
376 996 449 1034 pro
474 984 609 1021 amice.
638 983 806 1021 Plautus
826 985 865 1020 in
884 984 981 1021 Per-

99 1066 157 1089 sa:
188 1065 304 1106 quam
324 1065 406 1089 meo
425 1054 545 1090 amico
565 1054 741 1090 amiciter
760 1053 863 1091 hanc
887 1066 983 1090 com-

98 1122 296 1159 moditatis
317 1123 464 1172 copiam
482 1122 661 1159 Danunt.
689 1122 886 1160 Pacuvius
901 1123 984 1159 Du-

99 1193 266 1229 loreste:
296 1205 401 1228 ηιιηε
418 1206 468 1228 ne
488 1191 596 1228 illum
615 1197 802 1243 expectes,
826 1191 985 1244 quando

100 1262 221 1298 amico
244 1262 420 1299 amiciter
443 1261 601 1297 Fecisti.

150 1332 377 1396 PnomTER.
400 1330 530 1369 Varro
546 1329 761 1380 Octogesi:
779 1336 986 1383 postquam

99 1402 219 1439 avida
242 1400 359 1438 libido
380 1414 523 1453 rapere
546 1413 592 1438 ac
615 1401 825 1438 concedere
848 1401 985 1453 coepit,

99 1484 217 1526 seque
244 1470 378 1525 opifice
405 1484 484 1508 non
508 1469 682 1524 probiter
705 1469 852 1523 fepere.

104 1549 149 1579 30
224 1540 450 1579 Menon-1311
471 1540 723 1592 prosmunde.
753 1540 924 1578 Plautus
946 1540 987 1577 in

101 1610 304 1649 Poenulo:
333 1625 426 1648 nam
445 1625 530 1649 cum
552 1611 684 1648 sedulo
700 1610 900 1647 munditer
917 1623 988 1647 nos

101 1680 298 1725 habemus,
319 1681 370 1719 Ut
382 1694 472 1732 eqre
483 1681 740 1718 amatorculos
755 1680 986 1717 invenimus.

157 1751 367 1789 SAssvffnn
387 1764 462 1802 pro
483 1764 611 1788 saeve.
640 1749 807 1787 Plautus
827 1750 868 1787 in
886 1749 990 1788 Poe-

103 1817 156 1872 (p.
172 1818 230 1858 51
241 1815 296 1866 1.)
310 1819 424 1858 uulo:
451 1819 557 1857 aha!
572 1824 653 1857 tam
669 1820 850 1858 saeviter.
877 1819 991 1858 Idem

102 1890 145 1927 iu
168 1889 420 1928 Trinummo:
455 1901 493 1933 a,
518 1890 677 1934 nimum,
697 1884 880 1935 Stasime,
906 1903 991 1927 sae-

103 1960 230 1999 viter!
257 1960 405 1997 Accius
424 1958 688 2011 Astyanacte:
722 1958 850 2006 ferum
868 1958 993 2010 feroci

105 2030 420 2069 contundendam
459 2030 637 2081 inperisit
672 2041 829 2067 saevum
868 2031 991 2067 saevi-

104 2106 178 2139 ter.
229 2100 382 2138 Ennius
408 2100 578 2138 Fouice:
615 2100 785 2137 saeviter
809 2100 993 2152 suspicio-

104 2185 192 2209 nem
213 2170 322 2222 ferre
345 2169 515 2217 falsam,
536 2168 694 2221 fictilum
719 2175 788 2208 est.
835 2169 992 2208 Afrani-

110 2250 228 2285 1476.
250 2252 359 2283 sentio
374 2251 510 2294 beniqn.
522 2251 570 2283 Μ.
584 2250 728 2296 pulchre
738 2252 805 2288 W,
819 2252 866 2283 M.
891 2251 996 2295 largi-

107 2318 142 2342 20
156 2313 206 2339 ter
223 2306 402 2349 chentin.
421 2307 513 2350 ng‚
530 2307 578 2339 M.
603 2307 773 2339 militibus
794 2307 996 2351 chMeyer.

107 2375 209 2408 quum
229 2376 298 2396 meo
315 2365 365 2397 M.
382 2376 424 2395 ne
442 2363 550 2396 hilum
567 2374 642 2407 exp.
663 2363 849 2407 chcriver.
869 2364 994 2396 Bothe.

109 2419 305 2452 Prohibiter
318 2420 357 2452 L.
386 2422 498 2453 Varro
516 2433 548 2464 p.
566 2419 630 2458 20,
647 2420 710 2453 19.
730 2421 902 2453 concidere
915 2421 994 2452 edd.

108 2479 247 2519 praeter
264 2478 375 2520 princ.
394 2479 571 2510 convolare
583 2477 799 2521 chebhard.
819 2489 924 2521 eaque
940 2489 992 2520 op.

110 2530 313 2573 cherlach.
342 2535 374 2566 si
403 2547 490 2579 quae
519 2532 640 2578 opifica
662 2533 868 2577 chuliehn.
902 2535 992 2578 prob

109 2586 158 2620 M.
172 2588 287 2621 Gehh.
297 2589 430 2635 opificio
440 2591 585 2635 Popma.
598 2601 716 2634 sapere
727 2590 839 2633 princ.
849 2595 995 2635 strepere

110 2659 146 2684 30
168 2642 287 2678 1480.
314 2647 385 2680 AJ.
412 2648 541 2691 clepere
558 2647 607 2680 M.
643 2647 715 2678 l'ix
740 2658 904 2692 aegreque
919 2646 993 2678 AJ-

111 2701 162 2748 (p.
179 2700 289 2741 511.)
305 2704 350 2735 ah
366 2705 508 2736 nimium
519 2703 628 2737 AJM.
653 2702 813 2736 contuucl.
835 2705 994 2736 saeviter.

110 2762 258 2794 Saevum
279 2773 343 2804 pro
360 2762 507 2794 saeviter
528 2766 608 2795 ante
620 2762 666 2795 M.
685 2762 819 2796 eont.vi
840 2763 998 2806 permisit

112 2818 208 2861 ng.
226 2829 335 2863 nuper
354 2819 459 2850 iussit
475 2819 623 2863 cheriv.
644 2820 785 2865 imperio
797 2819 878 2862 ch.
897 2818 998 2862 impc-

114 2875 165 2906 rio
186 2879 219 2906 et
241 2886 379 2906 saevum
404 2873 549 2917 cheuk.
568 2876 683 2909 Bothe
695 2875 730 2908 2.
756 2876 999 2920 suspectionem

115 2930 187 2966 JM.
202 2928 410 2971 suttilumL,
426 2932 484 2965 hoc
513 2938 544 2964 te
559 2932 675 2971 1476.
692 2934 827 2968 simulet
841 2938 872 2965 et
886 2933 994 2977 princ.

665 174 739 214 DE
769 174 1133 218 INDISCRETIS
1164 177 1481 218 ADVERBIIS.

1837 181 1929 219 549

1043 299 1087 322 us
1123 284 1365 323 Simulante:
1415 286 1582 323 saeviter
1614 285 1722 333 ferre
1758 286 1853 324 haee
1890 293 1930 323 te

1042 357 1155 393 simul
1183 362 1220 393 et
1243 361 1406 408 gnatam
1432 355 1480 393 ab
1507 355 1571 392 illo
1594 355 1799 395 abducere.
1845 355 1925 394 En-

1044 426 1132 463 nius
1152 425 1342 463 Hectoris
1364 424 1539 476 Lystris:
1573 426 1742 462 saeviter
1764 425 1928 476 fortuna

1044 495 1152 546 feno
1178 501 1345 533 cernunt
1373 494 1422 531 de
1447 495 1621 532 victoria.

1098 564 1342 603 MAl-:snrnu
1365 577 1439 615 pro
1465 569 1601 602 meste.
1631 563 1796 602 Plautus
1818 565 1858 601 in
1886 572 1929 602 10

1046 636 1252 673 Rudente:
1289 636 1359 672 sed
1380 635 1486 672 unde
1508 647 1596 672 vors
1615 634 1681 671 Ire
1708 648 1792 671 cum
1812 634 1932 671 uvida

1046 711 1150 743 veste
1172 705 1313 749 dicam,
1339 704 1506 749 obsecro,
1534 705 1629 742 Tam
1650 705 1851 742 maestiter
1869 718 1933 741 ve-

1048 780 1105 812 ste
1131 774 1321 813 vestitus?

1101 845 1332 883 Pnopmnm
1372 859 1446 897 pro
1489 844 1664 896 proprie.
1726 842 1935 881 Lucretius

1049 914 1117 952 lib.
1139 929 1187 952 11:
1228 914 1352 968 quid?
1388 927 1511 967 genus
1544 914 1755 951 humanum
1780 914 1937 965 propri-

1051 986 1118 1021 tim
1145 985 1193 1022 de
1220 984 1357 1038 quibus
1379 989 1504 1021 actus.

1102 1054 1329 1093 AMPLlTER.
1397 1053 1575 1092 Lucilius
1610 1053 1678 1090 lib.
1710 1066 1807 1090 xm:
1846 1064 1938 1089 nam

1050 1124 1266 1176 sumptibus
1302 1126 1454 1177 magnis
1485 1124 1722 1161 Extructam
1758 1123 1939 1175 ampliter

1051 1198 1171 1246 atque
1193 1207 1277 1230 eum
1305 1194 1560 1232 accumbimus
1579 1205 1727 1230 mensa.
1763 1194 1939 1243 Pompo-

1052 1262 1139 1299 nius
1167 1263 1332 1300 Herede
1359 1263 1554 1315 petitore:
1584 1263 1680 1299 heus
1710 1267 1843 1315 aptate
1869 1276 1941 1314 puu

1053 1332 1113 1369 eri
1153 1333 1297 1369 mattilde
1340 1338 1459 1386 atque
1493 1333 1674 1384 ampliter
1711 1332 1938 1369 convivium.

1051 1400 1218 1439 Plautus
1246 1402 1288 1438 in
1314 1401 1474 1439 Sticho:
1503 1407 1566 1438 sat
1591 1407 1649 1438 est
1673 1401 1778 1438 servi
1800 1400 1865 1437 ho·
1891 1407 1938 1439 20

1052 1472 1149 1509 mini
1184 1472 1355 1508 modeste
1391 1470 1523 1522 facere
1566 1476 1779 1523 sumptum,
1822 1483 1943 1524 quam

1052 1542 1246 1593 ampliter.
1295 1541 1442 1579 Accius
1467 1541 1682 1579 Diomede:
1712 1541 1875 1594 benique
1907 1546 1944 1578 et

1050 1625 1123 1664 pro
1151 1609 1333 1660 beneficio
1357 1612 1465 1663 largi
1490 1617 1610 1665 atque
1639 1612 1834 1664 ampliter.

1106 1682 1450 1726 ALioUAnrlern.
1489 1682 1778 1731 Quadrigarius
1797 1680 1946 1719 Annali

1055 1750 1126 1788 lib.
1146 1765 1207 1789 vn
1237 1751 1524 1806 aliquantisper
1542 1758 1718 1805 pugnato
1742 1751 1842 1789 nihil
1855 1764 1946 1803 pro-

1056 1827 1178 1859 movet
1203 1821 1377 1859 Poenus.
1408 1821 1605 1860 Caecilius
1628 1821 1823 1860 Fallacia:
1852 1835 1945 1859 nam

1056 1892 1093 1928 si
1113 1891 1191 1935 illi,
1229 1897 1435 1946 postquam
1462 1905 1544 1930 rem
1568 1897 1777 1943 paternam
1808 1892 1944 1929 amise-

1056 1966 1165 2006 rant,
1193 1959 1384 2012 qustate
1411 1962 1697 2016 aliquantisper
1724 1963 1864 1999 iactati
1887 1960 1945 2012 fo-

1058 2035 1161 2068 rent.
1223 2031 1421 2068 Caecilius
1450 2031 1644 2069 Fallacia:
1683 2031 1793 2069 velim
1817 2032 1945 2085 pauli-

1058 2113 1150 2152 sper
1168 2106 1206 2138 te
1226 2102 1381 2154 operiri.
1402 2125 1445 2130 ——
1463 2101 1722 2156 quantisper?
1743 2126 1786 2130 ——
1800 2114 1880 2139 non
1897 2109 1944 2140 30

1057 2170 1146 2223 plus
1173 2171 1361 2210 triduum.
1394 2171 1642 2224 Pomponius
1663 2171 1831 2210 Dotata:
1859 2183 1947 2223 pos-

1059 2253 1188 2285 simula
1211 2259 1243 2285 et
1267 2250 1470 2296 chulielm.
1494 2253 1540 2286 M.
1564 2259 1700 2298 gratam
1714 2253 1950 2298 ..producere

1061 2312 1168 2354 princ.
1192 2308 1280 2349 ferri
1296 2310 1480 2348 Columna,
1502 2311 1640 2354 probM.
1663 2311 1771 2342 eet-nit
1788 2308 1949 2351 chothe.

1059 2378 1119 2398 vos
1131 2369 1182 2399 ire
1192 2367 1266 2399 JM.
1281 2379 1358 2398 vero
1371 2368 1458 2398 scire
1469 2367 1580 2410 princ.
1596 2372 1687 2398 veste
1700 2378 1767 2398 om.
1785 2366 1895 2409 princ.
1915 2376 1947 2400 10

1058 2424 1134 2456 JM·
1154 2424 1298 2455 vestitas
1310 2423 1383 2455 JM.
1406 2428 1518 2455 actum
1534 2428 1585 2454 est
1598 2421 1669 2455 AJ.
1685 2428 1823 2455 auctum
1837 2428 1887 2454 est
1898 2422 1947 2454 M.

1057 2480 1249 2524 Ampiliter
1267 2480 1309 2512 L.
1343 2484 1373 2510 et
1389 2485 1555 2511 structam
1567 2479 1642 2512 AJ.
1670 2479 1864 2521 ampliciter
1876 2478 1947 2510 W‘.

1057 2537 1235 2580 Ampliter
1256 2542 1449 2567 extructam
1465 2536 1675 2579 simulatque
1694 2546 1761 2566 ace.
1781 2534 1852 2578 ch
1865 2533 1898 2566 1.
1924 2533 1950 2567 J

1059 2594 1167 2625 Dusa.
1184 2593 1233 2625 A.
1253 2605 1281 2624 e.
1307 2593 1467 2624 convivae
1483 2604 1555 2625 ace.
1571 2591 1761 2636 chrDusa.
1785 2591 1831 2623 ad
1848 2602 1949 2635 quam

1058 2661 1149 2680 'tune
1167 2649 1263 2691 ng.
1281 2661 1428 2681 mensam
1441 2649 1559 2682 AJM.
1580 2648 1790 2693 Pomponius
1808 2660 1841 2692 p.
1857 2647 1950 2684 254,

1061 2704 1124 2736 50.
1146 2710 1314 2749 apparate
1325 2704 1405 2737 huie
1418 2706 1520 2749 pueri
1538 2704 1737 2750 ejGulielm.
1762 2705 1898 2736 servoA
1914 2715 1951 2738 20

1059 2761 1133 2794 JM.
1145 2761 1276 2794 Accius
1288 2774 1325 2805 p.
1341 2760 1437 2800 470,
1448 2760 1513 2795 26.
1526 2763 1558 2794 ei
1569 2773 1632 2804 pro
1647 2761 1678 2793 11.
1699 2760 1827 2804 larqito
1841 2758 1950 2803 chu-

1061 2818 1166 2850 lielm.
1187 2818 1331 2862 igyestute
1343 2818 1406 2851 W.
1433 2814 1554 2857 forent.
1574 2817 1762 2860 Paulisper
1786 2820 1818 2848 et
1833 2816 1949 2855 Quan-

1061 2875 1177 2919 tisper.
1203 2873 1376 2907 Caecilius
1395 2875 1442 2909 M.
1465 2875 1656 2919 paulisper.
1678 2873 1879 2918 quantisper
1894 2881 1951 2911 mg

1067 2932 1131 2965 W.
1151 2930 1283 2965 Novius
1298 2930 1427 2964 Dotata
1447 2930 1515 2973 ch.
1541 2931 1674 2963 duriter
1697 2929 1754 2962 Ιυι-
1784 2926 1828 2972 (p.
1844 2921 1951 2960 512.)
