2174 3267
225 101 316 139 2¹58

231 216 273 246 10
301 209 460 245 tionem.
501 207 611 258 virg.
650 207 715 245 lib.
743 221 831 246 vm:
873 210 1040 246 mittitur
1069 216 1106 247 et

224 278 358 329 magni
381 276 552 313 Venulus
582 277 774 315 Diomedis
800 278 855 314 ad
880 278 1022 315 urbem.
1054 278 1106 315 Et

224 345 370 396 Georg.
392 346 458 383 lii).
478 361 541 383 ui:
571 348 611 382 in
637 347 760 383 saltus
786 352 992 400 utrumque
1018 360 1106 397 qre-

220 429 305 465 ¹qem
330 421 448 469 atque
474 417 515 452 iu
538 430 688 468 pascua
723 419 856 454 mittis,
900 418 972 454 Et:
1001 419 1108 455 mitte

223 484 263 520 in
294 484 484 522 Venerem
516 487 703 538 pecuaria
731 487 895 539 primus.
940 486 1106 524 Mittere

223 559 284 591 est
298 554 521 592 excindere.
546 556 658 605 Virg.
674 556 772 592 Aen.
792 555 858 592 iib.
874 571 907 592 1:
929 562 1106 593 mestum-

222 636 297 676 que
321 624 493 660 timorem
515 624 677 661 Mittite.
710 625 877 662 Sisenna
907 625 1105 662 Historia-

221 706 305 729 rum
325 692 392 729 lib.
416 707 474 730 in:
505 694 700 730 mulierem
717 696 833 730 messa
855 693 935 743 side
962 708 1009 731 ac
1026 696 1106 747 pie-

221 767 302 799 tate
320 768 482 814 propter
495 764 637 799 amoris
652 763 798 813 nefarii
815 764 1020 800 lubidinem
1040 777 1105 800 ex-

221 832 358 868 titisse.
391 832 567 870 Mittere.
598 832 708 884 Virg.
734 833 772 869 in
789 832 1010 870 Bucolicis:
1039 834 1106 870 hos

220 901 279 937 illi
288 898 411 954 (quod
425 915 493 937 nec
506 901 599 938 bene
611 897 756 945 vertat)
773 902 958 939 mittimus
971 903 1102 939 aedos.

224 971 403 1015 Mittere,
420 972 616 1007 omittere.
643 971 858 1009 Terentius
880 973 917 1008 in
931 972 1103 1009 Adelfis:

224 1047 269 1078 20
301 1053 395 1084 era,
422 1040 630 1078 lachrimas
655 1041 775 1078 mitte.
816 1041 928 1092 Virg.
952 1041 1019 1078 lib.
1038 1056 1103 1078 XI:

223 1112 329 1147 mitto
357 1123 419 1154 ea,
447 1124 548 1164 quae
570 1111 689 1148 muris
713 1110 891 1147 bellando
915 1111 1104 1147 exhausta

221 1179 290 1216 sub
314 1181 418 1217 altis.
449 1180 628 1217 Lucilius
652 1181 838 1217 lib.xxx:
858 1181 927 1217 hoc
949 1181 1106 1217 missum

218 1248 353 1296 facies,
373 1250 436 1286 illo
458 1263 515 1286 me
537 1256 645 1286 utere
662 1249 840 1287 libenter.
872 1250 928 1286 Μ.
944 1250 1103 1287 Tullius

221 1319 271 1356 de
286 1319 437 1356 Officiis
459 1320 526 1357 lib.
541 1335 582 1356 ιιι
596 1336 604 1356 t
633 1319 841 1356 Manilium
860 1321 995 1356 misum
1007 1320 1098 1370 faci.

219 1394 373 1426 tantum
397 1389 630 1442 temporibus
651 1391 726 1426 illis
750 1390 980 1427 iuransdum
1000 1390 1102 1426 vale-

219 1459 298 1495 bat.

220 1530 353 1571 mitto3
382 1529 504 1565 redde
528 1529 617 1566 huc.

352 1459 515 1496 Plautus
551 1458 777 1497 Aulularia.-
818 1461 894 1496 iam
931 1460 1106 1497 scrutari

273 1598 479 1635 MANDARE
515 1598 843 1648 significationem
879 1597 998 1635 hahet
1036 1612 1104 1635 no-

224 1673 315 1712 tam,
336 1673 378 1704 ut
394 1668 503 1719 Virg.
526 1668 594 1705 lib.
613 1681 704 1704 vni:
735 1668 856 1704 multa
872 1669 984 1720 patri
995 1681 1104 1704 man-

221 1738 318 1774 data
330 1738 451 1775 dabat
459 1738 673 1790 portanda.
689 1737 896 1783 Mambre,
909 1752 1103 1775 commen-

222 1809 327 1845 dare.
372 1807 482 1859 Virg.
509 1808 608 1844 Aen.
641 1807 708 1844 lib.
731 1822 792 1844 111:
829 1807 966 1858 f'urtim
996 1820 1104 1844 man-

220 1878 340 1915 darat
366 1877 548 1914 alendum
582 1878 759 1914 Threicio
786 1878 881 1928 reqi.
924 1877 980 1914 M.
1005 1877 1103 1914 Tul-

224 1956 269 1985 30
302 1948 376 1984 lius
402 1948 450 1984 (le
477 1947 630 1984 Officiis
651 1947 716 1984 lib.
733 1961 779 1984 11:
811 1947 952 1984 deinde
965 1947 1104 1984 tertius

220 2019 313 2071 ipsis
344 2018 499 2070 scriptis
537 2030 615 2053 non
648 2030 695 2053 ea
732 2030 832 2070 quae
873 2031 997 2060 nunc,
1035 2017 1105 2054 sed

221 2089 391 2124 actiones
416 2093 571 2124 nostras
594 2087 891 2131 mandaremus,
924 2092 966 2123 ut
988 2099 1104 2138 saepe

223 2157 394 2204 fecimus.

273 2227 484 2263 MATURUM
526 2225 673 2263 dicitur
706 2226 823 2263 celer.
870 2225 978 2276 virg.
1004 2225 1102 2262 Aen.

221 2335 308 2364 »itari
332 2333 449 2364 videas
474 2332 583 2375 chif.
612 2346 646 2375 p.
663 2333 757 2366 550.
783 2334 815 2364 0
833 2339 902 2364 tum
926 2334 1009 2365 endo
1034 2346 1101 2364 mu-

218 2388 413 2433 εΙιο(μυχῷ)
438 2389 658 2432 churn.29,
675 2388 741 2421 28.
769 2402 785 2421 e
811 2391 889 2421 libr.
916 2394 1000 2422 vett.
1033 2396 1098 2420 tum

216 2446 300 2478 endo
315 2447 402 2477 vitari
427 2446 573 2488 chong.
588 2447 676 2477 Aen.
693 2447 752 2477 lib.
771 2447 801 2477 Ῑ.
821 2447 867 2479 cf.
888 2459 917 2488 p.
933 2445 1020 2483 196,
1036 2446 1099 2478 20.

223 2516 255 2538 ιο
279 2504 429 2534 mittitur
448 2503 492 2534 ef.
508 2515 536 2544 p.
554 2500 645 2539 566,
668 2502 727 2534 19.
750 2503 859 2533 mittis
872 2503 969 2545 Virg.
992 2503 1099 2533 millet

219 2560 464 2591 Cod.Me‹1iol.
480 2570 523 2589 m.
542 2558 575 2590 1.
593 2559 708 2590 Ursin.
729 2559 978 2602 Hcyne,Vo.<S.
998 2558 1101 2590 Fui-h.

218 2630 254 2653 20
279 2618 374 2647 mitte
398 2618 441 2648 ef.
468 2628 499 2659 p.
515 2615 606 2652 590,
635 2615 699 2648 28.
730 2616 887 2647 bellando
911 2621 1032 2646 exusta
1058 2616 1100 2647 B.

214 2674 330 2717 facias
355 2674 400 2705 al.
427 2686 481 2717 ap.
510 2674 650 2707 Dusam.
674 2674 751 2715 face
776 2674 871 2705 A.J.
894 2673 1102 2715 βείω-..ἰη-

219 2731 312 2761 beate
327 2729 418 2771 ng.
445 2730 572 2760 itlomet
588 2742 620 2760 u.
639 2730 665 2761 l.
695 2730 737 2761 Α.
755 2730 788 2760 J.
816 2730 876 2760 illu
895 2741 943 2759 me
961 2735 1068 2759 lutere
1081 2729 1104 2760 I.

219 2789 259 2819 L.
285 2788 385 2818 illum
410 2792 552 2817 metuere
576 2787 717 2817 libenter
731 2786 770 2816 B.
796 2787 859 2817 illo
883 2798 932 2816 me
950 2792 1041 2816 utere
1065 2785 1105 2815 li-

218 2844 312 2875 bente
335 2842 428 2875 Guil.
447 2842 482 2879 2,
505 2842 537 2874 1.
559 2842 664 2874 Dusa.
686 2842 773 2884 fucit
801 2843 894 2874 L.G.
934 2839 1105 2883 portanda

865 103 1070 140 NOMUS
1099 104 1431 144 MARCELLUS

1171 211 1234 248 lib.
1251 227 1282 248 ιε
1312 218 1506 249 maturate
1527 212 1660 264 fuqam
1681 214 1837 266 reqique
1859 205 2047 260 (p.549.)

1168 280 1262 317 haec
1290 281 1406 317 dicite
1438 287 1579 318 vestro.
1625 281 1767 318 Accius
1795 279 2045 330 Menalippo:

1169 355 1225 386 est
1244 362 1304 386 res
1327 350 1462 403 aliqua
1473 356 1678 399 praesente
1697 350 1755 387 liis
1768 351 1881 401 prius
1896 353 2048 385 mature

1170 419 1323 455 institit.
1364 418 1418 455 M.
1448 418 1605 455 Tullius
1637 419 1684 455 dc
1708 419 1858 455 Officiis
1891 418 1955 454 lib.
1984 430 2045 453 nl:

1170 488 1274 524 venit
1296 488 1376 540 ipse
1397 493 1562 530 mature,
1576 489 1757 524 scalmum
1774 503 1795 524 n
1803 494 1906 524 atum
1925 486 2043 523 videt.

1172 556 1298 594 Varro
1324 556 1648 593 Endimionibus:
1678 559 1757 611 qui,
1788 558 1821 594 si
1844 564 1884 594 ut
1910 556 2046 606 viqila-

1170 639 1249 662 rem
1280 632 1435 663 matura
1466 627 1639 677 coepisti,
1677 628 1717 662 in
1754 640 1795 663 eo
1825 627 2044 663 retinueris.

1171 696 1395 739 Moturum,
1423 710 1557 745 grave,
1584 696 1751 747 sapienS.
1782 697 1892 743 Virga
1917 696 1981 732 nb.
2001 709 2044 730 v:

1171 765 1240 802 hoc
1258 765 1432 802 Helimus
1447 765 1557 813 l'acit,
1575 765 1643 801 hoc
1658 765 1745 801 aevi
1756 770 1932 801 maturus
1945 766 2044 800 Ace-

1170 841 1260 871 stes.
1292 835 1348 871 M.
1362 835 1520 871 Tullius
1539 835 1587 870 de
1604 835 1840 872 Senectute:
1871 834 1946 869 iam
1959 847 2046 869 con-

1169 905 1310 940 stantis
1338 905 1436 940 actis
1463 909 1498 940 et
1518 904 1724 939 senectutis
1743 903 1964 939 maturitas.
2000 910 2042 939 10

1171 973 1381 1016 Maturum,
1405 974 1530 1017 mitte,
1556 977 1720 1009 coctum.
1765 972 1875 1023 Virg.
1906 972 1942 1007 in
1967 971 2045 1009 Bu-

1171 1042 1327 1079 coiicis:
1375 1043 1486 1079 triste
1519 1043 1633 1094 lupus
1664 1041 1845 1085 stabulis,
1883 1042 2046 1078 maturis

1165 1111 1343 1164 frugibus
1378 1111 1528 1148 imbres.
1575 1112 1700 1148 Varro
1726 1110 2047 1148 Endiinionibus:

1169 1181 1434 1218 discumbimus
1464 1182 1647 1224 mus-sati,
1688 1181 1862 1217 dominus
1895 1186 2048 1217 maturo

1169 1264 1236 1287 ovo
1264 1251 1318 1287 ad
1342 1264 1503 1288 caenam
1529 1252 1690 1287 commit.

1222 1320 1367 1357 ans
1393 1321 1550 1362 dicitur.
1576 1320 1688 1357 sicuti
1714 1320 1966 1371 pierumque„
1998 1319 2045 1354 ti-

1171 1404 1264 1428 mor.
1306 1390 1418 1438 Vin-g.
1447 1390 1512 1427 lib.
1546 1404 1603 1426 vi:
1635 1396 1671 1426 et
1693 1395 1835 1430 metus,
1868 1394 1904 1425 et
1932 1388 2047 1424 male·

1169 1460 1295 1496 suada
1317 1458 1453 1511 statues.
1494 1459 1641 1503 Metus,
1665 1459 1818 1508 religio.
1847 1459 1957 1507 virg.
1981 1457 2046 1493 lib.

1171 1542 1223 1564 vu
1239 1543 1247 1564 ε
1275 1541 1392 1565 sacra
1417 1542 1522 1565 com-a
1542 1530 1755 1581 multosque
1772 1533 1873 1564 metu
1892 1532 2050 1563 servata

1167 1611 1240 1650 per
1267 1611 1404 1634 annos.

1222 1667 1400 1704 Mus-em:
1427 1673 1487 1704 est
1513 1667 1600 1702 ioco
1626 1666 1820 1703 insistere.
1851 1665 1960 1715 Virg.
1981 1664 2048 1701 lib.

1171 1750 1222 1773 x:
1249 1743 1378 1773 manet
1405 1737 1687 1789 imperterritus
1715 1737 1809 1787 ipse,
1829 1734 1989 1771 Hostem
2001 1742 2046 1771 20

1170 1808 1457 1858 maynanimum
1492 1807 1680 1857 operiens.
1726 1805 1780 1842 M.
1813 1804 1849 1841 T
1853 1804 1972 1841 uilius
2010 1805 2048 1841 in

1171 1877 1336 1914 Verrem
1378 1877 1555 1913 actione:
1597 1877 1668 1929 qui
1705 1875 1851 1911 iudicia
1894 1887 2050 1910 manere

1170 1946 1278 1998 apud
1301 1946 1474 1983 ordinem
1502 1946 1739 1982 senatorium
1762 1945 1904 1981 volunt.
1940 1943 2048 1980 {dem

1171 2017 1220 2054 de
1227 2017 1379 2054 Officiis
1392 2032 1399 2053 ε
1416 2016 1596 2054 Cirsilum
1607 2016 1800 2069 quendam
1810 2014 2048 2055 suadentem,

1170 2092 1212 2123 ut
1231 2088 1272 2123 in
1294 2086 1386 2123 urbe
1402 2091 1616 2122 manerent.
1640 2085 1819 2128 Manere,
1835 2084 2047 2126 imminere,

1170 2156 1319 2194 deberi.
1349 2157 1456 2206 Virg.
1475 2156 1607 2192 lihvu
1622 2169 1630 2191 :
1659 2162 1696 2192 te
1714 2155 1856 2197 Turne,
1870 2159 1907 2189 te
1922 2150 2048 2202 nefas,

1169 2228 1279 2263 triste
1308 2225 1477 2263 nzavzebit
1503 2224 1753 2278 Supplicium.
1807 2222 1862 2260 M.
1891 2221 2047 2260 Tullius

1168 2334 1272 2365 dabat
1298 2335 1408 2365 mand.
1435 2335 1568 2378 Heyne.
1602 2333 1714 2364 niatud.
1739 2333 1813 2362 dab.
1837 2338 1926 2371 port.
1953 2332 2046 2361 Med.

1171 2392 1340 2431 &Vagnen
1359 2391 1461 2422 Fon-b.
1486 2391 1565 2421 dein
1583 2390 1721 2433 scriptis
1739 2388 1782 2420 Α.
1807 2388 1995 2429 menalippo
2013 2397 2048 2421 30

1168 2448 1226 2478 scd
1247 2449 1259 2478 l
1277 2452 1311 2478 et
1327 2460 1347 2478 n
1362 2451 1506 2478 correct.
1523 2446 1742 2488 transpositis
1755 2444 1816 2474 W.
1834 2444 1926 2485 (pag.
1938 2440 2048 2476 549.)

1167 2516 1251 2548 quae
1271 2510 1446 2546 praesente
1461 2503 1560 2543 Vulg.
1591 2507 1762 2532 maturare
1781 2500 1821 2530 B.
1844 2504 1937 2531 recte
1952 2500 2048 2532 Gen-l.

1167 2560 1320 2590 instituit
1356 2560 1415 2591 sed
1449 2571 1468 2589 u
1503 2561 1666 2601 punetato
1694 2558 1761 2588 KV.
1799 2558 1932 2587 nullum
1958 2556 2048 2587 videt

1169 2616 1260 2647 Edd.
1287 2617 1346 2659 qui
1374 2621 1408 2646 ut
1437 2615 1614 2657 m'flilarcm
1641 2612 1686 2644 Α.
1703 2613 1740 2644 J.
1768 2618 1801 2642 ut
1820 2613 1851 2642 si
1871 2612 1963 2655 ng.
1989 2612 2050 2655 quei

1165 2672 1312 2714 vi'yilare
1337 2676 1467 2701 mature
1491 2669 1648 2711 coepisti,
1676 2670 1709 2698 in
1735 2680 1770 2699 co
1798 2675 1827 2699 te
1853 2681 1878 2698 r.
1905 2669 2048 2711 Popma·

1171 2728 1294 2757 aetatis
1321 2727 1410 2757 Edd.
1436 2726 1581 2756 inviscati
1599 2726 1637 2757 8.
1656 2724 1698 2756 G.
1723 2727 1816 2756 mitte
1845 2725 1892 2757 cf.
1909 2724 2000 2762 409,
2018 2736 2049 2759 ιο

1177 2782 1235 2814 15.
1266 2782 1509 2813 Eumenidibus
1534 2782 1638 2824 Vulg.
1667 2793 1700 2823 p.
1727 2780 1820 2814 249.
1839 2780 1874 2812 9.
1901 2780 1993 2817 282,
2012 2780 2047 2811 9.

1170 2844 1304 2871 ”latura
1329 2850 1391 2869 01)ss
1416 2850 1454 2869 (lc
1481 2838 1532 2869 V‘fl
1558 2843 1689 2868 maturo
1703 2850 1762 2868 0170
1777 2849 1802 2868 Ρ.
1830 2837 1957 2879 chAips·
1976 2839 2046 2867 anf.
