2174 3267
243 128 331 166 228

292 238 499 279 Liuounni:
534 238 593 270 est
626 232 834 269 dimittere.
879 231 989 282 Virg.
1015 231 1113 269 Aen.

242 306 307 342 lib.
326 319 385 341 111:
414 304 617 356 linquimus
638 302 824 353 Ortygiae
842 307 992 354 portus,
1009 301 1114 352 pelar

237 387 361 426 qoque
385 373 566 410 volamus.
598 372 652 409 Et
677 371 745 408 lib.
762 384 871 408 vnn:
909 371 1025 424 inque
1050 382 1112 406 sa-

239 444 402 479 lutatam
430 442 574 495 linquo.
626 440 750 477 Varro
781 440 881 477 Tafe
909 439 1113 490 Minippu:

239 513 301 549 ille
323 511 464 548 nobiles
489 510 683 565 quondam
707 510 840 553 canis,
866 509 943 546 Hie
972 510 1114 562 linquit

239 581 406 618 homiues
432 593 557 617 omues
582 580 623 616 in
646 585 755 616 terra
770 578 867 631 pila.
898 578 1112 630 Linquere,

239 650 422 687 defluere.
451 650 559 700 Virg.
580 648 728 699 Georg.
754 648 823 685 lib.
844 663 888 684 11:
917 648 990 685 hue
1012 660 1112 684 sum-

1002 717 1113 754 Idem

236 788 336 825 Aen.
352 788 498 826 lih.111:
528 801 694 841 umnque
713 789 840 840 prima
867 786 959 830 solo,
986 787 1113 839 ruptis

237 857 445 901 radicibus,
471 857 584 894 arbos
612 857 792 901 Venitur,
813 856 901 893 huie
927 861 1013 893 atro
1038 855 1112 892 lin-

238 719 309 755 mis
344 719 576 772 linquuntur
607 717 763 770 rupibus
801 730 946 754 (tumes.

240 935 284 964 30
317 932 491 979 quuntur
518 926 707 977 sanquine
729 930 880 976 quita&

286 995 437 1032 ΙΛΜΑΜ
451 1024 461 1040 ,
483 995 689 1047 exquirere
712 1001 751 1032 et
774 995 954 1040 delinire,
975 1007 1112 1032 secun-

236 1065 326 1102 dum
344 1066 668 1102 consuetudinem
688 1065 801 1102 aliam
824 1064 1111 1102 ‹lietum.Plau-

235 1139 298 1171 tus
316 1134 581 1172 Meneehmis:
612 1147 727 1171 avium
753 1135 845 1172 lima
864 1139 1109 1186 praeterunt.

236 1203 344 1241 Idem
369 1203 656 1241 Bacchidibus:
687 1204 841 1241 limaces
877 1204 977 1247 viri,·
1005 1203 1111 1254 quod

235 1268 414 1324 (p.554.)
435 1273 615 1310 adierant
631 1277 670 1310 et
689 1277 927 1310 consumant.
956 1271 1110 1310 Limare

236 1343 349 1380 etiam
375 1343 516 1379 dieitur
543 1343 792 1393 coniungere.
829 1342 991 1379 Plautus
1010 1342 1107 1379 Bac-

235 1411 435 1448 chidibus:
453 1425 587 1448 neeum
601 1425 793 1465 quoquam
818 1412 1011 1464 acceperis
1034 1411 1111 1447 alio

233 1481 442 1518 mercedem
462 1493 633 1517 «minuam
649 1480 738 1517 Nisi
755 1480 803 1517 ab
822 1493 917 1525 sese,
939 1493 1009 1518 nec
1027 1494 1110 1517 eum

234 1551 416 1605 quiquam
443 1551 598 1587 limares
628 1555 758 1602 caput.
807 1550 919 1586 Idem
952 1549 1110 1587 Scema-

233 1621 333 1657 tico:
362 1633 452 1656 nam
470 1625 587 1671 pater
604 1624 693 1656 tuus
716 1631 924 1672 numquam
944 1631 1026 1655 cum
1041 1619 1109 1655 illa

235 1692 349 1727 etiam
370 1689 519 1726 linmbit
540 1694 668 1741 caput.
698 1688 834 1726 Livius
847 1688 997 1726 Tereo:
1026 1701 1108 1725 ere-

232 1761 326 1804 dito,
352 1759 446 1798 Cum
476 1760 558 1796 illos
588 1759 660 1796 soli
676 1772 761 1796 mea
780 1758 977 1796 voluntate
999 1771 1108 1794 num-

232 1843 347 1884 quam
369 1829 515 1866 limavit
536 1834 666 1881 caput.
698 1828 893 1866 Caecilius
908 1827 1108 1865 Pausima-

238 1907 279 1937 10
302 1904 363 1936 to:
381 1899 450 1936 hoc
468 1912 493 1935 a
509 1903 547 1936 te
562 1898 725 1948 postulo,
747 1897 810 1934 Ne
828 1911 912 1935 eum
932 1910 973 1934 eo
987 1902 1108 1949 quate

227 1969 389 2022 posthae
418 1969 590 2006 limasses
621 1972 749 2020 caput.
780 1967 986 2018 Turpilius
1005 1965 1108 2003 Leu-

231 2039 358 2076 cadia:
398 2038 543 2075 veritus
578 2050 682 2081 sum,
721 2049 770 2073 ne
808 2036 952 2073 amoris
989 2047 1110 2073 eausa

229 2122 313 2145 cum
340 2107 407 2144 illa
435 2106 600 2143 limassis
628 2110 756 2157 caput.

229 2188 282 2219 hic
313 2190 447 2232 linquat
476 2187 624 2219 homines
658 2186 703 2218 G.
727 2186 770 2217 B.
799 2186 891 2217 intra
921 2186 1030 2227 pilam
1063 2185 1107 2215 B.

229 2244 403 2287 Menippus
426 2244 487 2274 ille
510 2255 543 2273 n.
559 2267 566 2274 .
581 2254 698 2273 ‚canes
720 2241 792 2273 heic
815 2241 920 2285 liquit
946 2252 1055 2272 omnes
1071 2240 1105 2271 Ιι.

228 2302 264 2331 in
288 2306 397 2331 lev-rue
428 2311 460 2337 p.
493 2298 587 2330 Scal.
613 2298 692 2330 Cat.
728 2308 763 2340 p.
787 2296 877 2329 194.
916 2296 994 2327 hinc
1018 2297 1102 2340 linq.

229 2357 319 2399 ing-I.
330 2357 372 2387 cf.
386 2354 494 2386 Turn.
508 2353 559 2386 29
570 2378 579 2390 ,
594 2353 657 2385 28.
680 2354 771 2397 pila,
796 2353 900 2384 ramis
923 2363 997 2383 eum
1012 2364 1100 2384 ηιοη-

226 2414 316 2445 tz‘bus
340 2411 488 2455 liquitur
512 2410 631 2454 defluit
652 2410 751 2453 Virq.
772 2408 892 2453 Georq.
916 2408 974 2439 lib.
989 2408 1099 2438 tertio.

226 2469 317 2500 Idem
341 2467 405 2499 27.
430 2467 476 2498 A.
510 2466 691 2510 liquuntur
716 2464 761 2496 G.
774 2463 875 2506 Virg.
900 2463 1101 2506 probBrod.

224 2534 259 2559 30
283 2536 335 2566 ap.
362 2523 462 2554 Grut.
486 2522 535 2553 11.
567 2533 598 2564 p.
621 2520 715 2552 478.
757 2532 777 2551 a
811 2521 894 2552 lima
925 2520 961 2552 d.
996 2520 1100 2561 Vulg.

222 2581 360 2611 ianuam
385 2580 467 2610 lima
480 2583 657 2620 proterunt
675 2578 787 2608 Plaut.
799 2576 925 2608 Miller.
952 2577 1098 2608 lamnam

222 2632 436 2679 (pag-554.)
449 2633 579 2676 chuil.
605 2632 692 2676 quod
712 2645 745 2664 a.
760 2638 791 2663 et
811 2645 838 2664 e.
866 2633 980 2675 glossa
994 2631 1101 2663 Nouii

221 2691 317 2724 Guil.
349 2691 391 2721 ad
417 2689 543 2721 Bacch.
573 2688 605 2720 1.
631 2701 670 2718 ue
702 2700 721 2718 α
753 2700 918 2732 ψιοιμιιιηι
952 2687 1092 2730 cherc.

219 2748 306 2778 salio
342 2747 437 2777 missi
469 2746 579 2776 abesse
611 2745 675 2775 W'.
716 2743 936 2775 schemativffis
959 2743 1090 2786 chips.

219 2815 270 2845 cp.
297 2815 330 2846 q.
352 2802 384 2838 1,
407 2800 467 2832 18.
492 2801 625 2832 limavit
650 2798 774 2842 chips.
801 2802 851 2831 sol
875 2807 909 2831 in
933 2812 971 2831 ea
995 2798 1090 2832 471.

217 2858 306 2890 476.
323 2857 412 2889 498.
428 2856 520 2889 511.
549 2868 599 2899 pr.
625 2867 698 2886 cum
708 2857 787 2887 illus
805 2857 883 2888 olim
900 2868 942 2887 cx
960 2857 1023 2887 vol.
1049 2855 1090 2886 B.

884 124 1086 162 NONIUS
1115 125 1444 164 MARCELLUS

1227 232 1452 278 Lioomum,
1485 247 1623 279 suave,
1653 233 1782 270 dulce.
1822 231 1946 268 Varro
1970 229 2050 268 Eu-

1178 301 1413 338 menidibus:
1430 302 1571 353 Friqus
1581 316 1654 353 per
1672 315 1759 339 ossa
1779 313 1917 338 cornus
1939 300 2050 354 liqui-

1178 369 1231 406 da
1261 372 1362 407 cauit
1392 371 1536 407 anima.
1577 371 1785 423 Liquidum
1818 375 1876 407 est
1901 382 2050 420 purum.

1181 438 1288 489 Virg.
1304 438 1371 475 lib.
1396 452 1452 475 vi:
1481 439 1666 493 liquidum
1687 454 1759 492 per
1786 452 1882 476 aera
1901 439 2047 492 lapsae.

1178 507 1303 545 Varro
1325 508 1509 551 Serrano,
1534 505 1629 558 περὶ
1652 501 1920 561 ἆρχερεσιῶνε
1949 508 2051 544 hunc

1177 589 1331 613 vocasse
1354 582 1391 613 et
1417 577 1565 630 liquida
1588 579 1667 615 vitu
1690 579 1730 614 in
1750 580 1881 615 curiae
1901 582 2051 614 vestrae

1176 644 1309 696 fecem.
1331 645 1542 697 Liquidum
1559 651 1617 683 est
1632 660 1871 698 prosperum.
1890 646 2050 683 Plautus

1177 714 1392 752 Pseudulo:
1421 715 1468 751 ab
1494 716 1668 759 sinistra,
1693 717 1861 768 auspicio
1890 716 2050 770 liquido,

1175 789 1293 838 atque
1318 797 1364 821 ex
1385 786 1601 827 sententiu3
1630 783 1875 833 Confidentia
1901 791 1969 829 est,
2002 792 2047 822 20

1177 853 1347 889 inimicos
1379 867 1484 890 meus
1514 866 1598 889 mea
1634 866 1745 902 posse
1775 853 1953 905 perdere.
1985 853 2050 890 Li-

1177 922 1338 973 quidum
1350 937 1502 960 rursum
1516 923 1708 973 significat
1718 922 1834 959 molle
1847 928 1885 959 et
1895 923 2050 959 fluxum.

1177 991 1342 1029 Plautus
1357 993 1397 1028 in
1409 992 1542 1028 Milite
1554 1008 1562 1028 ε
1573 992 1959 1046 liquidiuscedtusque
1973 1004 2051 1036 ero,

1177 1074 1293 1115 qutun
1319 1066 1454 1098 ventus
1477 1066 1533 1097 est
1554 1060 1747 1112 fabonius.
1779 1061 1887 1098 Idem
1913 1061 1951 1097 in
1977 1059 2051 1097 Ga-

1176 1132 1276 1167 sina:
1315 1131 1513 1184 quandum
1543 1130 1762 1183 proqnatis,
1795 1130 1836 1166 in
1858 1129 2052 1166 sortiendo

1174 1213 1256 1236 sors
1277 1199 1495 1253 deliquerit.
1530 1199 1653 1237 Varro
1672 1199 1900 1237 Divinarum
1922 1212 2050 1237 rerum

1174 1268 1242 1306 lib.
1256 1282 1323 1305 111:
1350 1268 1480 1305 Lucili
1493 1268 1620 1320 Scipio
1648 1282 1731 1305 cum
1753 1280 1892 1304 aurum
1902 1267 2050 1318 factum

1172 1337 1330 1374 haberet
1357 1339 1396 1374 in
1428 1338 1531 1374 hista
1561 1343 1603 1373 ut
1632 1339 1767 1380 vinea,
1797 1336 1960 1387 fulmine
1991 1337 2049 1374 ita

1173 1411 1231 1443 est
1261 1406 1378 1449 ictus,
1412 1411 1454 1442 ut
1478 1407 1555 1442 ista
1587 1411 1684 1443 esset
1710 1407 1884 1456 inteqra,
1910 1420 2049 1444 aurum

1172 1475 1413 1529 colliquisset.
1445 1474 1556 1513 Idem
1586 1476 1635 1513 de
1666 1475 1916 1526 proprietate
1949 1477 2043 1513 scri-

1172 1549 1347 1597 ptorum:
1376 1545 1480 1598 quod
1511 1551 1568 1582 est
1602 1551 1673 1582 aut
1701 1546 1798 1598 quid
1829 1545 1940 1581 aliud
1969 1546 2050 1582 eius

1170 1615 1324 1666 qeaeieris
1365 1613 1491 1664 fervet
1529 1613 1676 1661 factum
1713 1614 1976 1667 colliquissed‚
2014 1620 2051 1651 et

1173 1685 1215 1720 in
1239 1682 1368 1734 forma
1399 1696 1480 1719 esse
1512 1682 1698 1733 infusum.
1743 1683 1849 1734 Virg.
1873 1684 1972 1721 Aen.
2001 1691 2047 1721 30

1173 1753 1240 1790 lib.
1263 1767 1295 1790 1:
1324 1757 1394 1789 aut
1416 1766 1500 1789 eum
1525 1752 1716 1806 liquentia
1743 1752 1856 1789 mella
1871 1752 2043 1806 Stipant.

1173 1823 1318 1862 Nevius
1329 1822 1531 1875 Lycurgo:
1556 1823 1631 1859 iam
1656 1822 1745 1859 solis
1769 1828 1880 1859 aestu
1902 1822 2051 1859 candor

1172 1894 1236 1931 cui
1265 1893 1507 1947 liquesceret.
1548 1892 1730 1944 Liquerit
1773 1892 1968 1943 significat
2009 1896 2049 1929 et

1171 1963 1389 2015 reliquerit.
1409 1962 1555 2001 Accius
1568 1962 1791 2001 Stasiastis:
1809 1967 1890 1999 tum
1900 1961 2047 1998 sibidae

1171 2033 1321 2070 deloide
1346 2033 1426 2069 lore
1452 2032 1522 2069 hoc
1547 2032 1678 2068 anima
1703 2044 1840 2083 eorpus
1860 2026 1914 2082 (p.
1928 2027 2045 2075 555.)

1169 2102 1339 2157 liquerit.
1396 2100 1544 2138 Nevius
1572 2099 1669 2137 belli
1703 2100 1870 2138 Poenici
1904 2099 1971 2136 lib.
1996 2112 2044 2135 11:

1175 2195 1247 2215 cum
1272 2185 1334 2215 illo
1357 2195 1450 2215 soror
1474 2183 1553 2214 olim
1576 2193 1619 2212 ex
1652 2180 1849 2224 cherlach.
1875 2191 1945 2211 cum
1971 2180 2045 2216 illo,

1171 2252 1265 2271 soror
1287 2251 1359 2270 mea
1383 2238 1524 2281 cherc.
1544 2238 1642 2269 Delr.
1661 2238 1760 2268 Voss.
1774 2237 1901 2268 Diintz.
1926 2236 2047 2266 limavi

1170 2295 1214 2339 cj.
1232 2296 1347 2327 iidem.
1360 2294 1579 2339 pausimaclw
1588 2294 1636 2325 M.
1661 2293 1810 2324 limassis
1824 2293 1862 2323 L.
1880 2292 1991 2323 limas-
2011 2302 2043 2326 ιο

1167 2357 1217 2383 set
1241 2353 1282 2383 B.
1309 2351 1581 2382 Eudaemonibus
1606 2349 1651 2380 A.
1698 2348 1870 2391 Pliryqius
1896 2346 1965 2389 ch.
1997 2348 2041 2379 cf.

1167 2406 1324 2445 255‚12.
1337 2412 1485 2438 vocasset
1500 2407 1543 2438 B.
1555 2405 1646 2447 ng.
1663 2416 1793 2435 vocasse
1808 2403 1848 2434 de
1865 2404 1886 2434 I.
1899 2404 2043 2446 Popma.

1169 2475 1269 2497 vocas
1290 2463 1349 2494 sed
1372 2469 1403 2493 et
1428 2464 1452 2493 l.
1479 2463 1517 2494 L.
1534 2463 1578 2493 A.
1599 2460 1635 2493 J.
1669 2472 1753 2490 meos
1776 2471 1847 2490 mea
1871 2460 1984 2491 Plaut.
2007 2471 2042 2495 20

1168 2519 1336 2563 liquidius
1350 2519 1542 2561 cultiusque
1553 2516 1596 2548 Α.
1610 2517 1646 2548 J.
1663 2515 1932 2559 liquidiusculus
1950 2516 2040 2558 ng.

1167 2574 1334 2618 quondum
1367 2575 1480 2605 Plaut.
1515 2573 1639 2605 Casina
1672 2572 1707 2603 2.
1739 2572 1775 2603 6.
1805 2570 1870 2604 46.
1913 2572 2042 2603 Lucius

1167 2631 1257 2672 vulg.
1286 2631 1331 2661 cf.
1355 2630 1483 2672 Scalig.
1509 2641 1543 2671 p.
1564 2627 1651 2660 196.
1687 2628 1774 2671 conj.
1803 2640 1834 2670 p.
1856 2627 1920 2660 82.
1955 2629 2041 2660 cista

1166 2687 1309 2717 viminea
1332 2686 1426 2718 Scal.
1469 2686 1609 2716 viennen
1635 2683 1681 2715 G.
1706 2684 1751 2716 B.
1786 2687 1821 2716 in
1845 2695 1871 2714 c.
1892 2683 2041 2726 ficulnea

1158 2742 1265 2773 Turn.
1281 2740 1420 2778 29,28.
1453 2741 1543 2771 ictus
1567 2740 1659 2771 vista
1682 2740 1722 2771 B.
1759 2740 1840 2784 quin
1857 2751 1924 2776 aes,
1948 2746 2040 2771 slan-

1156 2809 1235 2828 num
1258 2802 1319 2827 aut
1352 2795 1434 2839 quid
1468 2795 1599 2839 chips.
1623 2807 1676 2838 ep.
1694 2810 1728 2841 q.
1748 2794 1783 2832 4,
1799 2796 1860 2829 25.
1895 2797 2036 2838 Popma.

1157 2851 1240 2894 quid
1264 2858 1313 2884 est
1339 2854 1426 2885 tanti
1442 2860 1501 2885 uut
1520 2854 1605 2897 quid
1619 2855 1660 2887 Α.
1674 2855 1707 2888 J.
1723 2853 1816 2887 585.
1841 2859 1926 2886 esset
1941 2855 1989 2884 in-
2002 2861 2038 2886 30
