2174 3267
539 225 570 262 I.
625 224 700 262 DE
729 224 1136 266 PROPRIETATE
1165 227 1493 268 SERMONUM.

91 336 233 371 tientes
262 332 310 368 ad
340 345 400 376 ea,
431 344 516 382 quae
544 331 657 368 amici
676 331 814 370 velint.
842 331 967 371 Pacu-

88 405 172 442 vius
199 402 438 439 Duloreste:
468 403 637 438 animum
667 416 752 456 quse
780 407 860 439 tum
888 403 968 439 Iar-

82 473 177 525 9itz‘o
203 472 333 508 multis
362 471 495 523 iqnota
522 477 631 515 erat3
672 470 873 522 nzzcnificus
901 487 967 509 ne-

886 542 965 579 Lu-

84 610 198 647 cilius
226 610 295 647 lib.
311 612 420 648 xxvi:
461 610 635 660 nzzwzifici
652 624 850 665 comesque
874 614 967 649 ami-

83 554 142 578 mo
165 541 396 594 putabatur,
415 542 494 577 nisi
514 542 669 594 pariter
685 542 829 578 volens.

83 682 135 717 cis
163 681 307 717 nostris
334 681 537 718 videamur
563 681 653 717 viri.

135 749 397 787 Pmnmmzm
427 750 532 787 dicta
563 754 664 787 esta
683 751 872 801 petendo.
908 750 964 788 M.

81 819 242 856 Tullius
277 819 325 856 de
361 833 405 856 re
435 819 593 870 publiea
621 819 689 856 lib.
716 820 790 857 iiii:
834 821 966 875 itaque

80 902 106 926 a
124 889 291 942 petendo
307 889 543 942 petulantia,
561 902 587 926 a
605 890 820 942 procando,
849 890 892 926 id
910 896 967 927 est

82 967 128 996 20
146 959 361 1012 poscendo,
386 961 607 1011 procacitas
634 960 836 996 nonn'nata
852 964 923 996 est.

134 1029 390 1066 PROCAmTAs
430 1044 450 1067 a
479 1030 707 1081 procando,
734 1030 776 1066 id
798 1034 870 1074 est,
891 1043 963 1080 po-

81 1100 228 1136 scendo
267 1099 441 1136 dieitur:
491 1099 596 1136 unde
635 1104 675 1136 et
714 1099 826 1149 proci
867 1099 963 1136 dieti

81 1174 172 1205 sunt
199 1169 534 1206 matrimoniorum
552 1170 760 1219 petitores.
789 1168 846 1204 M.
863 1168 961 1205 Tul-

77 1239 155 1275 lius
185 1239 234 1275 de
262 1252 306 1275 re
323 1238 485 1289 publiea
513 1237 582 1274 lih.
596 1238 670 1274 iiii:
700 1250 725 1273 a
748 1237 963 1290 procando,

78 1308 120 1344 id
163 1313 219 1344 est
253 1307 467 1360 poscendo,
506 1307 725 1360 procacitas
762 1307 963 1343 nominata

79 1382 149 1414 est.
194 1376 412 1414 Terentius
428 1376 610 1428 Hecyra:
639 1377 810 1428 maliqna
831 1376 963 1420 multo,

78 1452 116 1483 et
142 1447 264 1499 niaqis
290 1459 438 1499 procax
466 1445 576 1493 facta
604 1446 689 1483 ilico
709 1451 779 1483 est.
825 1444 960 1483 Livius

77 1515 285 1567 AEgistho:
324 1516 441 1570 quin,
471 1516 577 1570 quod
599 1529 742 1568 parere
762 1528 828 1552 vos
845 1516 959 1552 nzaie-

77 1591 161 1622 stas
196 1599 282 1622 mea
311 1585 482 1630 Procat,
510 1585 707 1629 toleratis,
747 1585 961 1640 temploque

77 1656 178 1692 hanc
206 1655 427 1692 deducitis?

130 1723 412 1762 KALENDARUM
467 1723 703 1761 vocabulum
754 1725 959 1775 proprium

77 1794 204 1832 Varro
242 1794 471 1844 complexus
512 1798 572 1830 est
610 1794 659 1830 de
700 1793 780 1830 vita
819 1794 960 1843 populi

77 1863 249 1901 Romani
285 1863 354 1900 lib.
384 1863 415 1899 i:
457 1865 590 1916 itaque
625 1861 817 1899 Kalendis
850 1862 959 1899 kala-

76 1932 244 1977 bantur,
281 1933 326 1970 id
360 1938 418 1969 est
451 1932 712 1977 vocabantur3
758 1937 795 1968 et
828 1931 877 1969 ab
916 1946 958 1969 eo

122 2054 155 2074 x.
172 2043 273 2073 amici
298 2042 337 2072 L.
366 2053 430 2072 non
444 2054 465 2072 a
478 2041 657 2085 Iarfliendo
679 2041 738 2072 sed
752 2042 956 2073 consentien-

121 2104 171 2129 tes
194 2097 240 2128 ad
264 2110 302 2128 ea
326 2109 401 2142 quse
426 2098 527 2128 amici
551 2098 659 2128 velint
697 2097 738 2139 cj.
764 2097 810 2128 M.
847 2109 913 2128 non
936 2109 957 2128 a

121 2154 306 2198 largitione
340 2165 414 2198 quse
449 2155 568 2198 {quota
606 2154 652 2184 A.
681 2152 798 2184 1476.
840 2152 956 2185 1511.

118 2211 154 2243 J.
179 2210 286 2241 Dusa-
312 2222 378 2242 non
401 2222 421 2241 a
447 2210 632 2254 latyilione
656 2222 730 2253 quie
754 2215 823 2240 tum
840 2210 960 2240 multis

121 2267 240 2310 ignota
254 2272 346 2301 erat,
372 2266 431 2297 sed
448 2279 476 2298 c.
497 2286 530 2290 -—
550 2266 678 2297 volunt.
706 2265 868 2297 Grauert.
887 2267 958 2296 ani-

121 2334 209 2353 mum
225 2323 233 2333 ⁸
260 2323 310 2353 Et
332 2320 513 2364 munificus
539 2321 582 2365 ej.
609 2321 762 2353 Grauert
787 2333 819 2363 p.
835 2321 887 2353 95
907 2334 956 2364 sq.

121 2390 199 2409 nam
214 2379 381 2422 quintum
409 2378 452 2421 cj.
467 2378 511 2409 V.
526 2378 571 2408 D.
599 2379 663 2409 cfr.
682 2378 757 2409 Sal.
771 2378 853 2419 Jug.
873 2377 958 2408 105.

121 2436 335 2478 animumque
358 2445 431 2464 cum
454 2433 570 2465 1496.
594 2433 709 2465 1511.
736 2440 805 2465 tum
827 2434 861 2465 J.
886 2435 957 2464 ani-

121 2502 210 2521 mum
233 2502 363 2521 ’tatanem
389 2489 557 2531 Stieglitz
582 2490 712 2522 Pacuv.
738 2503 771 2533 p.
792 2488 880 2521 121.
907 2501 956 2532 sq.

120 2544 274 2589 ntunifici
290 2557 471 2590 munesqnc
486 2547 531 2577 A.
552 2547 750 2590 petulantia
774 2559 794 2577 a
815 2545 958 2591 petendo

122 2601 160 2632 id
192 2614 218 2632 e.
249 2601 417 2646 poscendo
447 2602 488 2633 L.
522 2602 704 2645 proecando
730 2603 795 2633 VV.
836 2603 958 2633 iterum

125 2656 189 2689 24.
230 2656 265 2688 2.
327 2670 364 2692 20
401 2663 452 2689 est
492 2658 695 2690 Procacitas
724 2679 757 2682 -
787 2658 959 2689 deducitis

123 2725 157 2756 p.
183 2713 253 2752 25,
291 2713 342 2745 52
379 2733 414 2738 —
454 2712 528 2751 2-4,
565 2714 599 2745 7.
633 2715 699 2746 W.
736 2715 775 2745 L.
815 2713 883 2751 24,
923 2712 957 2744 2.

121 2770 295 2800 nominata
318 2775 366 2800 est
388 2771 583 2812 procacitas
607 2782 627 2800 α
647 2770 830 2814 proecando
855 2776 959 2801 teren-

126 2824 196 2854 tius
212 2825 251 2855 L.
264 2826 330 2857 W.
357 2826 504 2866 dittogr.
530 2825 642 2857 245.
668 2826 793 2870 Egyisto
808 2826 871 2858 W.
896 2825 961 2855 He-

121 2880 213 2922 9isto
238 2880 277 2911 L.
302 2892 362 2912 vos
383 2894 505 2924 parere
528 2881 630 2913 Voss.
666 2881 730 2918 24,
749 2881 783 2912 7.
808 2893 880 2912 mea
903 2892 961 2911 vos

122 2947 175 2978 pr.
200 2936 278 2966 mai·
305 2936 428 2968 Bothe.
454 2938 575 2980 templo
600 2937 688 2969 lianc
702 2939 748 2969 A.
776 2939 962 2981 temploque

1858 229 1914 267 15

1031 333 1222 373 Halendae
1255 336 1478 389 appellata»,
1521 338 1624 392 quod
1655 343 1713 374 est
1742 343 1912 375 tractum

1031 418 1057 442 a
1086 404 1248 448 Groecis,
1277 406 1346 459 qui
1371 406 1494 451 calin,
1524 420 1660 444 vocare
1687 407 1885 444 dixerunt.

1083 474 1303 513 CONSULUM
1341 480 1380 512 et
1418 489 1644 514 PRAETORUM
1677 478 1915 528 proprietas,

1031 544 1140 595 quod
1189 545 1396 582 consulant
1438 548 1478 581 et
1518 552 1695 595 praeeant
1739 548 1914 599 populis,

1029 613 1266 651 auctoritate
1282 614 1474 651 Varronis
1498 615 1734 660 ostenditur,
1765 618 1812 654 de
1834 618 1912 655 vita

1028 683 1171 734 populi
1198 683 1313 720 Rom.
1355 683 1424 721 lib.
1453 683 1502 720 ii:
1538 685 1643 737 quod
1677 685 1777 723 idem
1811 688 1912 725 dice-

1029 752 1173 789 bantur
1207 752 1381 790 consules
1423 758 1461 789 et
1489 759 1695 805 prcetores:
1736 757 1840 809 quod
1865 765 1910 793 30

1025 823 1216 875 praeirent
1250 822 1413 875 populo,
1439 827 1648 874 praetores:
1685 825 1791 878 quod
1825 838 1912 862 con-

1029 891 1203 928 sulerent
1229 892 1405 936 senatui,
1433 892 1624 929 consules.

1084 961 1306 999 IGNOMINxA
1334 966 1394 999 est
1420 963 1589 1000 nominis
1619 967 1723 1000 nota.
1754 959 1913 1015 (p.24,)

1028 1032 1084 1070 M.
1101 1032 1194 1069 Tul.
1215 1032 1263 1069 de
1288 1045 1331 1069 re
1349 1032 1509 1083 publica
1537 1032 1605 1070 lib.
1626 1033 1702 1070 iiii:
1742 1034 1912 1071 censoris

1028 1101 1211 1137 iudicium
1256 1101 1352 1137 nillil
1386 1100 1495 1148 ferre
1532 1102 1716 1140 damnato
1764 1104 1843 1140 nisi
1866 1111 1910 1141 10

1027 1169 1202 1206 ruborem
1230 1169 1406 1222 offerent.
1462 1170 1604 1224 Itaque
1638 1178 1682 1208 ut
1717 1174 1837 1210 omnis
1865 1187 1912 1210 ea

1026 1239 1212 1275 iudicatio
1247 1245 1430 1276 versatur
1458 1245 1609 1276 tantum
1637 1242 1746 1278 modo
1774 1243 1816 1278 in
1844 1256 1912 1279 no-

1026 1309 1142 1352 mine,
1169 1309 1455 1345 animadversio
1483 1309 1554 1345 illa,
1576 1311 1787 1359 &nonanta
1803 1312 1911 1348 dicta

1027 1383 1097 1415 est.
1186 1377 1364 1415 Lucilius
1406 1378 1511 1415 libro
1546 1379 1705 1416 xxviiii:
1748 1379 1913 1433 Apolost

1025 1461 1184 1492 nomen,
1213 1449 1282 1502 qui
1305 1454 1342 1485 te
1369 1449 1543 1503 antiquis
1570 1462 1649 1485 ‘non
1674 1450 1776 1487 sinet
1802 1450 1911 1487 Deli-

1025 1519 1080 1555 cis
1095 1519 1287 1555 maculam.
1301 1524 1420 1573 atque
1434 1520 1684 1571 ryniovrziniicmn
1704 1520 1909 1572 imponere.

1076 1588 1197 1626 Flnm
1235 1588 1523 1639 proprietatem
1564 1589 1746 1640 exemplo
1788 1591 1911 1627 mani-

1025 1658 1184 1695 festavit
1222 1658 1278 1695 M.
1309 1658 1472 1695 Tullius
1501 1658 1550 1695 de
1581 1673 1622 1696 re
1650 1658 1810 1709 publiea
1838 1659 1909 1696 lib.

1024 1729 1102 1765 iiii:
1134 1727 1233 1776 fides
1268 1730 1367 1765 enim
1404 1742 1542 1765 nomen
1570 1729 1694 1782 ipsum
1735 1729 1830 1765 nn‘hi
1853 1730 1908 1766 υἰ-

1023 1797 1140 1834 detur
1167 1796 1330 1840 habere³
1361 1810 1446 1834 cum
1470 1797 1534 1846 fi't,
1562 1799 1666 1852 quod
1692 1799 1852 1836 dicitur.

1074 1864 1334 1902 PonTlTonEs
1364 1865 1550 1903 dicuutur
1580 1867 1813 1913 telonearii,
1840 1870 1906 1920 qui

1021 1938 1178 1985 portum
1207 1934 1437 1972 obsidentes
1473 1937 1601 1973 omnia
1638 1938 1839 1975 scisciten-
1860 1946 1906 1976 20

1064 2043 1126 2074 hac
1155 2043 1271 2076 1511.
1309 2056 1350 2074 cx
1377 2045 1563 2089 temploque
1588 2046 1686 2076 illam
1719 2046 1753 2077 J.
1790 2045 1905 2078 1585.

1065 2098 1128 2135 25,
1155 2098 1216 2130 21.
1254 2100 1489 2131 Kalendarum,
1521 2111 1656 2144 semper
1679 2102 1744 2133 W.
1770 2102 1834 2133 Ms-
1867 2102 1905 2134 J.

1065 2154 1140 2187 Cal.
1156 2156 1196 2186 L.
1221 2156 1407 2199 appellatte
1425 2169 1466 2173 -
1482 2155 1646 2187 dixerunt
1673 2168 1737 2188 om.
1762 2158 1906 2200 Popula.

1065 2211 1155 2255 quod
1180 2212 1361 2242 consulant
1378 2217 1411 2242 et
1424 2218 1579 2254 praeeant
1603 2213 1641 2244 L.
1667 2214 1760 2245 calin
1782 2214 1848 2245 XV.
1868 2215 1907 2245 L.

1065 2268 1173 2298 καλεῖν
1210 2268 1323 2298 Editt.
1369 2267 1472 2299 iidem
1514 2268 1715 2299 dicebantur
1762 2270 1905 2313 Popma.

1065 2333 1101 2357 3ο
1126 2336 1213 2355 cons.
1237 2330 1389 2355 senatum
1414 2325 1596 2367 Lips.Ep.
1623 2337 1677 2368 qu.
1701 2324 1738 2363 4,
1766 2324 1829 2356 27.
1855 2338 1907 2369 pr.

1067 2380 1114 2411 M.
1143 2380 1290 2422 Popma.
1316 2381 1483 2411 consules.
1510 2381 1705 2425 Ignominia
1726 2380 1842 2423 p.24‚
1870 2381 1906 2413 8.

1068 2436 1133 2465 W.
1160 2435 1199 2465 L.
1222 2435 1406 2480 prcecando
1431 2437 1485 2467 vel
1506 2437 1674 2480 poscendo
1700 2437 1738 2468 L.

1022 2503 1100 2534 pag.
1127 2489 1191 2522 24.
1219 2500 1251 2525 10
1274 2491 1364 2523 niln'l
1384 2492 1479 2534 ferre
1494 2492 1654 2523 damnato
1674 2494 1812 2537 offerent
1838 2494 1909 2525 nisi

1067 2547 1133 2579 W.
1158 2547 1199 2578 L.
1242 2546 1336 2590 ferre
1375 2547 1535 2579 datnnato
1575 2549 1717 2592 offerent
1752 2550 1821 2580 nisi
1862 2549 1908 2581 A.

1068 2602 1227 2646 offerrent
1251 2601 1359 2635 Goth.
1392 2604 1487 2647 ferre
1512 2604 1624 2636 Codd.
1649 2605 1746 2636 Vatt.
1778 2605 1853 2647 sere
1869 2626 1902 2630 —-

1069 2657 1171 2701 affert
1195 2658 1238 2701 ej.
1261 2658 1303 2691 V.
1330 2659 1374 2690 I).
1400 2671 1453 2702 ap.
1481 2660 1565 2691 Mai.
1617 2671 1728 2691 omnes
1763 2662 1829 2693 W.
1866 2662 1905 2693 L.

1069 2713 1116 2744 A.
1148 2714 1184 2743 in
1207 2714 1339 2745 nomine
1363 2716 1429 2746 Ἦν.
1456 2703 1496 2746 L.
1537 2715 1667 2747 laomim·
1691 2716 1737 2747 A.
1774 2717 1906 2761 Appol-

1070 2769 1148 2799 lo’st
1170 2769 1205 2801 J.
1232 2768 1348 2802 1585.
1393 2783 1516 2802 numen
1552 2773 1611 2803 al.:
1639 2773 1755 2815 inquit
1788 2773 1834 2805 M.
1876 2773 1908 2804 1.

1070 2824 1122 2854 At
1143 2825 1202 2867 pol
1233 2831 1284 2856 est
1307 2838 1428 2858 numen
1471 2827 1514 2871 cj.
1539 2828 1639 2859 Frut.
1687 2828 1809 2860 delicis
1841 2829 1905 2859 Ἆῖ.

1071 2880 1109 2911 L.
1134 2891 1202 2923 mg.
1226 2882 1260 2914 J.
1300 2882 1434 2914 delitiis
1459 2882 1506 2915 A.
1553 2884 1708 2916 Deliacis
1745 2884 1788 2926 ej.
1822 2884 1905 2916 Jun.

1074 2936 1249 2968 teloniarii
1271 2937 1309 2969 L.
1359 2939 1520 2971 telonarii
1542 2941 1589 2971 A.
1639 2941 1816 2971 telonearii
1841 2939 1906 2969 VV.
