2174 3267
357 225 458 263 1111.
513 223 587 262 DE
616 221 794 262 VARIA
822 219 1288 261 SIGNlFch'rloNE
1317 220 1647 262 SERMONUM.

98 333 263 372 Finibus
294 331 486 369 honorum
525 335 565 368 et
598 329 788 367 malorum
820 329 889 367 lib.
913 343 978 367 111:

101 413 147 443 30
170 405 264 441 haec
288 415 378 439 vero
396 403 526 453 pietas
550 401 756 438 advorsum
775 400 880 444 deos,
910 414 981 437 nec

97 486 177 528 qua
210 473 278 510 isti
306 472 441 524 qratia
475 470 681 514 debeatur,
724 471 808 507 sine
846 469 979 523 expla-

95 544 198 581 tione
220 546 390 579 naturae
410 540 584 589 intelleqi
598 545 737 593 potest.

148 612 287 650 Annus
315 615 376 649 est
410 610 623 648 secundum
653 609 979 647 consuetudinem

97 682 260 733 spiritus
275 693 352 734 quo
366 680 542 718 vivimus.
566 680 677 731 Virg.
691 678 979 731 Georgicorum

95 751 164 789 lib.
186 765 266 788 1111:
296 752 526 805 animasque
555 751 597 787 in
620 750 785 787 vulnera
810 756 976 803 ponunt.

94 818 146 873 (p.
160 816 282 865 255.)
313 821 455 859 Anima
489 833 642 858 rursum
675 820 792 857 alitus
824 820 905 857 oris
940 825 981 857 et

95 892 207 929 odor.
246 890 358 941 Virg.
387 889 535 942 Georg.
568 890 637 928 lib.
668 905 714 927 11:
755 890 908 927 animas
944 895 981 927 et

93 961 238 998 olen-tia
260 960 375 997 Medi
395 959 481 997 Ora
502 959 634 1011 fovent
657 959 734 1005 illo,
764 965 800 997 et
825 959 979 997 senibus

93 1031 340 1068 medicantur
360 1030 496 1067 anelis.
518 1030 694 1067 Titinius
717 1030 749 1067 F
754 1029 976 1067 ullonibus:

93 1102 247 1138 interea
265 1099 414 1148 foetida
440 1100 572 1137 anima
594 1112 733 1136 nasum
764 1105 975 1153 oppugnat.

93 1170 258 1208 Plautus
279 1170 318 1207 in
332 1170 536 1207 Asinaria:
553 1183 607 1206 an
619 1169 715 1220 fetet
736 1170 870 1206 anima
889 1174 981 1206 tuae

94 1241 209 1277 uxori
219 1239 237 1276 ?
266 1239 377 1277 Idem
397 1238 643 1276 Mercatore:
671 1238 886 1275 ieiunitatis
901 1238 981 1291 ple-

93 1322 181 1353 nus,
202 1309 334 1346 anima
355 1308 494 1360 fetida.
516 1308 714 1346 Caecilius
730 1323 738 1344 ε
754 1320 856 1361 quae
875 1308 980 1351 mihi,

99 1377 175 1416 Ubi
190 1378 342 1415 domum
366 1378 520 1421 adveni,
550 1377 694 1421 assedi,
726 1377 910 1429 extemplo
937 1389 979 1413 a-

92 1448 195 1485 vium
218 1447 303 1484 Dat
330 1449 460 1484 ieiuna
494 1448 640 1484 anima.
671 1446 812 1484 Anima
841 1460 978 1498 aquae.

98 1524 142 1555 10
161 1517 327 1555 Plautus
339 1516 606 1569 Amfitryone:
636 1518 680 1553 ni
693 1529 760 1568 eqo
780 1516 837 1553 illi
848 1521 979 1569 puteo,

91 1589 129 1624 si
144 1587 355 1639 hoccepsio,
368 1587 538 1624 animam
550 1599 696 1623 omnem
706 1586 979 1623 inter-traxero.

92 1656 247 1702 Anima,
264 1670 396 1694 sonus.
425 1656 552 1693 Varro
563 1655 849 1693 Eumenidibus
860 1671 868 1692 ε
880 1655 979 1705 Fry-

90 1727 173 1779 qios
189 1740 262 1779 per
283 1739 371 1763 ossa
393 1738 535 1763 cornus
553 1726 705 1779 liquida
731 1726 852 1762 canit.
882 1725 979 1762 Ani-

93 1812 154 1834 ma
181 1797 321 1833 iterum
355 1795 551 1844 signifieat
574 1795 803 1832 iracundum
829 1795 891 1832 vel
919 1795 978 1832 fu-

93 1868 262 1912 riosum3
292 1866 397 1904 unde
427 1870 467 1903 et
496 1865 661 1903 animosi
692 1865 876 1903 dicuntur
901 1865 977 1902 ira—

93 1937 224 1975 cundi.
280 1936 445 1974 Plautus
492 1934 762 1986 Amfitryone:
809 1936 978 1971 animam

93 2007 310 2059 comprime.
368 2005 514 2043 Accius
541 2004 801 2055 Menalippo:
847 2017 977 2056 egone,

92 2077 238 2114 auxilio
257 2081 394 2120 motus,
407 2081 549 2112 temere
564 2081 607 2112 ut
619 2074 723 2111 hosti
730 2088 789 2111 me
809 2075 979 2111 awu'mato

93 2146 279 2200 offeram?
307 2146 419 2184 Idem
433 2143 781 2196 Epinausimache:
805 2150 847 2181 ut
862 2157 979 2188 nime,

93 2231 177 2255 cum
203 2218 399 2255 animatus
428 2217 531 2260 iero,
566 2215 663 2251 satis
684 2220 859 2251 armatus
879 2226 976 2251 sum.

93 2351 308 2399 (pag-255.)
332 2356 472 2387 vulnere
495 2353 538 2386 G.
563 2355 695 2387 Medic.
720 2355 834 2386 Editt.
856 2355 977 2398 fovent

96 2413 232 2444 ..sitim
263 2424 330 2444 om.
365 2411 432 2443 Bb.
459 2412 522 2443 Ba.
547 2412 632 2443 Tur.
673 2413 812 2444 titinius
839 2410 885 2443 G.
927 2411 978 2442 ob-

90 2474 225 2514 pugnat
249 2468 294 2501 G.
319 2469 652 2512 oppugnat..nxori
677 2479 741 2500 om.
768 2467 834 2499 Bb.
860 2466 980 2498 adsedi

95 2523 141 2556 G.
168 2525 231 2556 cfr.
244 2525 334 2557 Gell.
353 2524 411 2561 11,
427 2523 492 2557 25.
529 2525 636 2557 Turn.
663 2523 728 2562 29,
747 2523 809 2556 26.
835 2525 879 2555 Η.
894 2524 978 2555 Jun.

94 2581 194 2622 odag.
220 2584 310 2613 cent.
344 2579 407 2613 10.
434 2581 498 2613 cfr.
523 2593 558 2624 p.
580 2580 682 2617 410,
713 2580 781 2617 15;
821 2579 909 2616 148,
940 2579 979 2611 9.

98 2646 131 2671 10
156 2637 325 2669 Plautus.
340 2638 586 2669 dufer-traxero
611 2648 677 2669 om.
703 2637 768 2669 Bb.
805 2636 981 2679 Phryqius

94 2692 217 2724 Herm.
230 2693 340 2726 Elem.
360 2705 393 2737 p.
408 2692 499 2727 506.
525 2694 617 2726 canit
631 2694 745 2725 anima
769 2693 853 2724 Tur.
866 2693 979 2724 Editt.

98 2749 312 2780 iractmdiam
325 2751 347 2781 l'
358 2750 511 2794 furorem
524 2750 588 2781 Bb.
607 2743 793 2781 animasum
805 2747 980 2794 siqnificat

95 2804 274 2847 chrDusa
308 2807 351 2837 ad
376 2807 489 2838 Lucil.
517 2805 580 2839 50.
616 2807 682 2837 W.
717 2805 978 2849 probGerlach.

95 2873 143 2893 vs.
165 2859 329 2893 19-28.
355 2873 421 2892 om.
448 2862 517 2894 Bb.
552 2862 687 2893 anxilio
711 2861 825 2893 ’indus
851 2861 979 2905 chips.

97 2929 176 2961 epp.
190 2929 246 2962 qu.
265 2917 303 2949 4.
317 2918 352 2949 8.
376 2925 528 2950 mortuus
553 2924 673 2950 temore
696 2918 879 2951 MsBarth.
907 2918 980 2962 Εῃο

96 2974 170 3006 sine
181 2974 317 3006 auxilio
330 2980 438 3005 mortu
445 2986 483 3005 us
492 2981 630 3007 tremore
642 2974 707 3018 ch
719 2974 808 3007 arth.
818 2986 850 3017 p.
859 2972 979 3006 1850.

1838 222 1925 263 {59

1042 328 1192 369 Novius
1227 331 1463 368 Fullonihus
1506 331 1686 368 ferentis:
1734 330 1829 367 nihil
1870 336 1927 367 est

1037 402 1189 453 pericli,
1212 400 1310 438 dabo
1335 400 1406 439 tibi
1427 414 1558 437 verum
1583 400 1775 444 validum,
1795 413 1927 437 verum

1043 473 1268 508 animosum.
1312 470 1369 507 Μ.
1384 470 1543 507 Tullius
1558 470 1606 507 dc
1620 470 1682 508 Re
1695 469 1854 521 publica
1880 477 1925 507 20

1042 540 1110 578 lib.
1132 554 1169 578 1:
1199 553 1290 591 erqo
1315 552 1393 576 non
1411 539 1599 591 probares
1633 540 1789 576 consilio
1815 540 1927 593 pulso

1041 609 1246 653 lubidines,
1268 622 1370 662 quae
1395 615 1487 646 sunt
1512 609 1824 654 irmumerabiles,
1844 610 1927 647 ira-

1043 679 1225 723 cundiae,
1248 691 1350 733 quae
1365 683 1542 716 tenerent
1563 680 1705 715 omnia.
1736 676 1822 730 Ego
1837 692 1929 716 vero

1043 749 1141 786 nihil
1165 750 1237 786 isto
1261 748 1409 792 animo,
1448 748 1544 784 nihil
1576 749 1633 784 ita
1662 749 1833 785 animato
1864 749 1929 786 ho-

1631 817 1742 855 Idem
1781 818 1830 855 de
1865 818 1928 856 Re

1045 888 1204 941 publica
1241 889 1309 926 lib.
1342 903 1389 926 v:
1440 894 1521 926 tum
1561 888 1730 932 virtute,
1783 887 1928 934 labore,

1044 819 1146 857 mine
1174 819 1351 856 miserius
1381 818 1573 855 ducerem.

1045 958 1243 997 industria
1275 964 1506 1013 quereretur
1546 959 1686 996 sunmzi
1715 958 1794 994 viri
1820 957 1929 995 indo-

1042 1029 1116 1065 lem
1125 1057 1136 1074 ,
1170 1029 1249 1066 nisi
1283 1029 1398 1066 nimis
1426 1029 1598 1066 animose
1631 1027 1744 1076 ferox
1779 1033 1928 1065 natura

1043 1099 1149 1136 illum
1186 1100 1312 1136 nescio
1358 1112 1447 1152 quo.
1505 1098 1616 1149 Virg.
1642 1097 1930 1150 Georgicorum

1044 1168 1113 1205 lib.
1134 1181 1189 1205 11:
1218 1180 1313 1222 quos
1335 1168 1501 1205 animosi
1523 1170 1611 1205 euri
1633 1168 1791 1205 assidue
1815 1167 1930 1219 fran-

1043 1243 1219 1290 qumque
1237 1236 1464 1291 feruntque.
1497 1237 1553 1274 Et
1573 1237 1778 1275 Aeneidos
1793 1237 1863 1274 lib.
1885 1244 1932 1274 30

1046 1320 1110 1344 x1:
1129 1320 1230 1360 pone
1245 1308 1406 1351 animos,
1429 1313 1465 1344 et
1485 1307 1622 1355 pulsus
1643 1307 1719 1344 abi.
1750 1305 1930 1344 Lucilius

1044 1376 1148 1414 libro
1172 1391 1276 1414 xxx:
1306 1382 1427 1430 atque
1450 1378 1663 1413 ariimosam
1692 1376 1931 1414 Thessaliam

1045 1453 1083 1485 et
1126 1447 1352 1485 indomitam
1397 1445 1522 1495 frenis
1568 1445 1826 1499 subiqantque
1865 1446 1932 1483 do-

1043 1523 1237 1571 mentque.
1268 1516 1426 1563 Anima,
1447 1520 1598 1554 ventus.
1626 1517 1739 1567 Virg.
1760 1515 1828 1553 lib.
1840 1530 1934 1553 vin:

1045 1593 1234 1642 quantum
1254 1588 1363 1640 iqnes
1389 1588 1622 1641 animaeque
1643 1599 1711 1627 va·
1742 1582 1795 1637 (p.
1809 1581 1931 1631 254.)
1986 1620 1996 1628 ,

1042 1658 1137 1695 lent.
1167 1657 1379 1695 Lucretius
1394 1657 1520 1695 lib.v:
1550 1670 1818 1710 aurarumque
1831 1657 1932 1693 leves

1045 1728 1199 1764 animae
1224 1728 1418 1781 calidique
1444 1740 1622 1779 vaporeS.
1667 1727 1797 1765 Varro
1822 1727 1930 1765 Mar-

1045 1796 1214 1846 copoliS,
1232 1791 1331 1847 περὶ
1346 1786 1498 1850 ἆρχῆςε
1520 1797 1752 1835 noctilucam
1766 1796 1867 1842 tollo,
1880 1796 1936 1833 ad

1042 1864 1168 1916 focum
1183 1864 1284 1912 fero,
1303 1864 1407 1918 infl0‚
1426 1866 1560 1902 anima
1582 1866 1789 1904 reviviscit.
1819 1865 1932 1903 Idem

1045 1933 1358 1986 Cosmotoryne,
1397 1930 1496 1986 περὶ
1530 1932 1712 1988 φθορᾶς
1754 1925 1930 1985 κόσμοι.-

1043 2004 1144 2041 detis
1183 2003 1356 2040 habenas
1391 2006 1544 2041 animae
1579 2005 1681 2049 leni,
1723 2005 1845 2042 Dum*
1861 2017 1933 2041 nos

1043 2079 1181 2111 ventus
1195 2072 1356 2126 flamine
1378 2074 1489 2118 sudo,
1509 2073 1667 2112 Sualem
1693 2075 1750 2112 ad
1760 2076 1933 2128 patriam

1041 2144 1234 2196 perducit.
1278 2143 1427 2181 Accius
1462 2143 1786 2195 Myrmidonibis:
1815 2144 1931 2181 lassis

1045 2213 1203 2251 trahere
1230 2214 1271 2250 in
1294 2214 1432 2258 salum,
1457 2219 1495 2251 et
1519 2213 1605 2251 vela
1629 2219 1830 2251 ventorum
1847 2215 1932 2251 ani-

1040 2355 1218 2399 probares.
1243 2355 1276 2386 si
1291 2355 1432 2387 consilio
1448 2354 1592 2398 cherc.
1608 2355 1687 2386 cod.
1703 2354 1869 2397 palimps.
1894 2365 1931 2389 20

1043 2411 1309 2456 iracundiaeque
1362 2411 1502 2455 cjlllerc.
1562 2411 1803 2443 iracundiaeve
1851 2411 1931 2442 eod.

1045 2468 1184 2510 palimp.
1228 2468 1404 2500 industria
1429 2474 1582 2500 tueretur
1606 2467 1747 2510 ejMei-c.
1792 2472 1931 2512 quaeret

1045 2524 1205 2555 Lambin.

1048 2579 1227 2623 probMai.
1267 2593 1331 2625 quo
1355 2582 1543 2625 impelleret
1568 2581 1711 2625 cherc.
1754 2580 1839 2611 Luc.
1866 2579 1932 2610 cfr.

1046 2648 1082 2679 p.
1102 2635 1246 2673 401,6.
1285 2637 1641 2682 seruntqne..aptum
1667 2649 1715 2669 vs.
1746 2636 1808 2669 15.
1833 2648 1869 2679 p.
1895 2646 1932 2671 30

1046 2691 1134 2724 254-
1172 2703 1241 2725 om.
1275 2693 1319 2725 Β.
1374 2693 1592 2738 domemque?
1628 2693 1784 2725 bellando
1817 2693 1931 2724 Editt.

1045 2747 1202 2780 bellando
1227 2759 1295 2781 om.
1324 2748 1369 2781 G.
1395 2750 1458 2781 W.
1484 2751 1522 2782 L.
1549 2751 1596 2782 A.
1632 2751 1665 2781 iu
1692 2751 1758 2781 XV.
1786 2749 1931 2792 margini

1045 2804 1259 2847 adscriptum
1299 2806 1360 2837 sed
1391 2806 1439 2838 ita
1471 2810 1509 2838 ut
1542 2807 1585 2838 ad
1619 2807 1761 2838 alteram
1801 2806 1930 2836 colum-

1253 2531 1490 2569 quaereretur.
1507 2549 1514 2556 .
1530 2548 1537 2555 .
1551 2525 1682 2556 indoles
1707 2523 1930 2567 cheopardi‚

1046 2872 1122 2891 nam
1160 2872 1192 2903 p.
1220 2859 1311 2893 254.
1346 2862 1367 2893 l.
1393 2861 1455 2893 25.
1493 2863 1679 2906 pertinent.
1722 2867 1844 2893 ventus
1873 2873 1932 2892 vos

1046 2917 1164 2948 Herm.
1192 2916 1302 2948 Elem.
1327 2930 1362 2961 p.
1380 2917 1474 2949 588.
1514 2931 1547 2950 v.
1576 2931 1634 2950 nos
1659 2918 1689 2961 cj
1715 2914 1810 2961 (pag.
1826 2914 1932 2951 254.)

1047 2972 1142 3005 Guil.
1162 2972 1195 3004 1.
1215 2971 1250 3005 5.
1276 2974 1402 3005 classes
1428 2980 1472 3006 tr.
1499 2968 1652 3010 [navium
1670 2968 1805 3010 videas]
1830 2974 1863 3004 ἱη
1882 2985 1932 3003 sa-
