2174 3267
233 124 292 161 22

234 232 287 269 Et
304 231 393 269 AEn.
412 231 480 269 lib.
494 232 523 268 i:
551 230 703 282 longius
723 234 761 265 et
777 228 931 265 volvens
946 229 1120 276 fatorum

240 309 283 340 10
301 315 455 339 arcana
481 299 644 336 movebo.

287 372 525 413 Tomimes‚
554 381 675 418 genus
698 366 848 412 morbi,
867 366 988 413 dieti,
1013 368 1120 419 quod

231 441 370 478 dolore
414 442 635 490 torqueant.
686 437 769 475 Cic.
802 437 1120 474 Tusculanarum

232 511 300 548 lib.
320 510 366 545 ii:
411 508 586 563 quanwis
616 508 717 544 idem
746 506 970 559 fortia-idum
1006 520 1047 543 se
1079 509 1120 544 in

231 577 456 617 torminibus
479 584 516 615 et
535 579 577 614 in.
592 578 825 628 strangyuria
843 589 916 613 sua
928 577 1116 629 praebeat.

233 650 286 686 Et
312 653 474 701 quarto:
502 650 636 702 itaque
656 648 818 684 dicimus
833 647 1120 698 qrave'de'tzosos,

232 720 420 774 quosdam
443 719 686 756 torminosos.

283 789 537 826 MONUMENTl
558 787 844 839 proprietatem
865 800 884 822 a
906 783 1119 828 monendo,

234 859 291 896 M.
319 858 412 896 Tul.
441 857 739 909 exprimendam
765 855 934 906 putavit,
967 854 1017 890 ad
1035 853 1119 891 Ca:-

235 943 361 966 sarem
394 927 567 979 epistula
586 927 630 963 ii:
671 926 742 962 sed
773 938 842 976 eqo
872 937 957 978 quse
987 937 1120 960 monu-

233 1001 354 1036 menti
374 998 476 1036 ratio
506 999 570 1039 sit,
600 997 751 1032 nomine
780 995 862 1046 ipso
895 994 1123 1030 admoneor:

234 1069 291 1105 ad
313 1068 533 1104 memoriam
562 1066 686 1118 magis
710 1069 889 1118 spectare
920 1063 1031 1101 dehet
1055 1077 1123 1116 po-

241 1147 286 1175 20
317 1137 529 1181 steritatis,
559 1149 676 1191 quam
707 1135 762 1172 ad
791 1135 1000 1187 prfflsentis
1030 1139 1123 1171 tem-

231 1210 340 1260 poris
382 1208 568 1260 qratiam.
635 1205 779 1256 virgil.
826 1204 896 1241 lib.
926 1218 968 1242 v:
1012 1217 1125 1258 quem

236 1278 408 1315 candida
436 1277 542 1315 Dido
572 1275 674 1313 Esse
702 1277 767 1312 sui
791 1275 959 1312 dederat
991 1288 1124 1311 mome-

236 1353 408 1386 mentum
436 1353 472 1384 et
496 1347 641 1400 pignus
669 1346 827 1382 amoris.

288 1417 472 1455 RthLEs
513 1416 611 1453 dicti
635 1419 728 1452 sunt
745 1444 756 1461 ,
796 1414 909 1467 quasi
935 1415 976 1452 in
1005 1428 1124 1451 unum

236 1502 409 1525 amorem
433 1487 672 1524 derivantes.
729 1485 946 1523 Terentius
976 1485 1015 1522 in
1044 1484 1123 1521 Eu-

237 1558 385 1595 nucho:
415 1558 522 1594 miles
545 1557 696 1594 Thraso
715 1556 881 1593 Foedriw
902 1555 1050 1592 rivalis.

288 1626 470 1664 Gesner:
488 1627 684 1677 significat
699 1626 830 1663 laetum
847 1639 957 1669 esse;
977 1624 1125 1661 dictum

237 1713 257 1735 a
309 1697 514 1750 gesticulis
563 1696 821 1734 facilioribus.
909 1694 1125 1733 Terentius

236 1767 451 1805 Eunucho:
492 1767 667 1811 Cherea,
697 1767 793 1821 quid
828 1770 908 1808 est,
939 1764 1043 1818 quod
1069 1763 1126 1800 sic

234 1840 353 1891 qestis
367 1837 386 1874 ?
416 1843 486 1874 aut
504 1837 602 1891 quid
624 1836 686 1873 hic
700 1835 775 1872 sibi
782 1836 942 1872 vestitus
957 1831 1123 1888 quaerit?

236 1908 379 1959 virg-il.
408 1907 699 1959 Georgicorum
740 1905 808 1943 lib.
830 1906 866 1942 i:
913 1911 950 1942 et
993 1904 1124 1941 studio

239 1988 284 2017 30
304 1980 497 2017 ineassum
524 1978 659 2015 videas
684 1978 829 2029 ¹qestire
855 1975 1030 2012 lavandi.

288 2049 498 2087 INvoLARE
525 2052 585 2085 est
607 2048 781 2091 inruere,
805 2045 981 2089 insilire3
1013 2048 1079 2081 aut
1102 2058 1122 2080 a

238 2119 388 2164 volatu,
414 2122 482 2156 aut
504 2133 523 2155 a
546 2117 652 2163 vola,
683 2116 725 2154 id
751 2120 826 2161 est,
850 2115 979 2152 media
1008 2129 1123 2151 manu

239 2190 400 2227 dictum.
465 2188 681 2225 Terentius
716 2186 929 2223 Eunucho:
973 2190 1017 2221 ut
1057 2198 1124 2237 eqo

240 2258 435 2311 uuquibus
460 2256 579 2308 facile
608 2257 668 2293 illi
696 2258 738 2293 in
770 2256 897 2293 oculos
934 2255 1124 2292 involem!

239 2326 296 2380 (p.
311 2322 402 2374 55.)
431 2326 610 2365 Lucilius
638 2326 706 2363 lib.
731 2340 832 2363 xxx:
861 2325 953 2362 inde
984 2326 1123 2362 ctmiuo

238 2399 313 2436 rito
342 2397 538 2452 oculisque
560 2396 735 2434 involem.

240 2491 320 2524 pag.
347 2478 414 2511 52.
440 2485 492 2510 est
515 2479 593 2510 lu'nc
617 2480 684 2510 ubl.
707 2481 756 2511 A.
779 2478 951 2522 factorum
976 2479 1046 2509 Ἦν.
1069 2477 1123 2521 fa-

285 2542 396 2568 torum
422 2537 464 2569 L.
507 2548 543 2570 20
566 2548 637 2567 csse
659 2535 795 2566 viderat
819 2547 903 2566 mon.
929 2534 966 2565 L.
1006 2534 1122 2566 elierea

284 2595 351 2625 W.
386 2605 480 2624 cerea
503 2594 542 2624 L.

240 2662 324 2693 pag.
351 2649 418 2682 55.
444 2650 511 2681 rito
536 2649 603 2681 W.
631 2650 674 2680 L.
699 2649 771 2679 ritu
798 2649 841 2680 A.
870 2646 988 2679 1585.
1012 2647 1121 2679 Dusa.

286 2707 387 2738 Eudo
412 2719 437 2737 c.
464 2706 553 2736 rictu
580 2704 622 2748 cj.
640 2704 765 2736 Gisan.
793 2703 878 2735 oeul'
917 2716 1017 2747 osque
1049 2704 1121 2735 inv.

283 2764 384 2805 Lips.
416 2763 507 2793 Εηηὶ
530 2767 604 2793 oeta
627 2762 718 2793 selvo
743 2760 808 2791 W.
825 2761 866 2791 L.
892 2761 956 2791 cl'r.
985 2773 1015 2803 p.
1035 2758 1122 2792 159.

290 2819 353 2852 14.
391 2831 430 2850 cu
465 2829 562 2849 vocas
587 2818 660 2849 elne
693 2816 739 2847 Α.

286 2876 329 2919 οἱ.
355 2876 458 2907 Bent.
487 2887 526 2907 ex
555 2873 643 2905 129.
675 2872 735 2905 14.
775 2874 839 2906 ct'r.
858 2873 942 2905 «lun.
969 2873 1120 2905 animad.

794 2816 842 2846 En
849 2830 866 2847 u
873 2817 884 2846 i
906 2822 1004 2859 pocla
1029 2817 1123 2848 salm-

885 118 1096 158 NONIUS
1125 118 1464 159 MARCELLUS

1237 228 1474 267 Pnoruwnu:
1497 242 1517 265 a
1536 227 1677 265 Graeeo
1695 231 1863 264 tractum
1884 231 1959 272 est,
1981 231 2073 278 post

1184 303 1322 349 potum
1361 300 1532 338 trudere.
1601 297 1817 335 Terentius
1856 296 2071 334 Eunucho:

1183 367 1286 405 Ιιιιησ
1311 369 1414 406 vobis
1442 368 1717 405 comedendum
1749 373 1786 404 ct
1807 367 2010 404 bibendum
2036 372 2074 403 et

1185 438 1441 475 deridendum
1461 439 1640 491 propino.
1675 436 1825 473 Ennius
1845 436 2073 488 Satyrarum

1184 506 1252 543 lib.
1268 507 1325 544 iii:
1350 506 1465 546 Enni
1481 513 1598 560 pocta
1619 506 1738 549 salve,
1761 507 1831 560 qui
1848 505 2074 543 mortalibus

1190 576 1339 613 Versus
1365 579 1554 630 propinas
1566 575 1763 627 flmnmeos
1783 575 2019 612 medullitus.

1923 644 2007 681 Cic.
2028 651 2071 681 10

1185 716 1225 753 in
1253 716 1417 754 Verrem
1440 721 1516 754 act.
1536 717 1570 753 i:
1610 730 1695 771 quse
1723 721 1853 753 tamen
1875 728 1901 752 a
1926 728 1986 752 me
2006 727 2072 767 pe-

1238 646 1510 684 panau-:mm
1554 647 1701 684 dieitur
1740 649 1868 683 caute.

1183 787 1386 824 detemtim
1418 792 1606 840 cauteque
1634 787 1828 823 dicentur.

1234 856 1442 894 INSULSUM
1468 856 1634 907 proprie
1663 857 1825 901 fatuum,
1852 855 1962 906 quasi
1990 854 2074 891 sinc

1187 927 1280 963 sale.
1309 926 1368 963 M.
1395 925 1556 963 Tullius
1583 925 1633 962 ad
1659 925 1855 962 Caesarem
1881 924 2074 961 iuniorem

1188 996 1357 1047 epistola
1381 995 1573 1033 secunda:
1613 995 1752 1031 sedita
1767 995 1915 1030 locutus
1932 993 2077 1030 insulse

1189 1071 1266 1110 est,
1302 1072 1345 1103 ut
1371 1067 1511 1102 mirum
1539 1070 1701 1101 senatus
1725 1064 1934 1101 convicium
1969 1076 2076 1100 exce-

1186 1138 1302 1187 perit.
1349 1136 1402 1173 Et
1434 1137 1485 1173 de
1521 1135 1695 1173 Oratore
1726 1135 1795 1173 lib.
1822 1134 1869 1171 ii:
1914 1139 1958 1171 ut
1982 1134 2079 1171 nihil

1189 1207 1300 1244 aliud
1325 1219 1470 1250 eorum,
1506 1218 1622 1260 quam
1659 1207 1745 1257 ipsa
1780 1204 1997 1248 insulsitas,
2024 1205 2077 1241 ri-

1189 1277 1343 1313 deutur.

1243 1346 1431 1383 IGNAVUM
1465 1349 1506 1382 et
1535 1344 1693 1389 Snmw..
1724 1343 1941 1394 torpidum,
1959 1343 2075 1380 feria-

1190 1420 1296 1459 tum,
1326 1420 1366 1453 et
1392 1415 1475 1451 sine
1499 1414 1593 1465 igni.
1622 1413 1765 1463 virgil.
1786 1411 2077 1463 Georgicorum

1190 1486 1260 1523 lib.
1274 1486 1330 1523 iv:
1360 1486 1557 1537 iquavum,
1575 1483 1700 1534 fucos,
1711 1496 1830 1534 pecus
1843 1496 1869 1519 a
1887 1483 2073 1535 prcesepi-

1192 1556 1261 1592 bns
1286 1562 1438 1592 arcent.
1474 1555 1527 1592 Et
1549 1553 1840 1603 Georgicorum
1861 1552 1932 1590 lib.
1952 1553 2012 1590 iv:
2028 1560 2075 1589 20

1192 1639 1241 1662 eu
1263 1638 1349 1676 aye,
1371 1626 1500 1676 segnis
1514 1624 1666 1677 Rumpe
1682 1636 1826 1660 moras.
1844 1622 1901 1659 M.
1917 1622 2077 1660 Tullius

1193 1696 1242 1732 ad
1272 1695 1468 1733 Caesarem
1494 1694 1689 1731 iuniorem
1720 1694 1748 1730 ii
1767 1692 1895 1730 libro:
1932 1694 1974 1729 in
2000 1706 2076 1746 quo

1191 1771 1263 1802 tua
1295 1778 1354 1802 me
1374 1766 1600 1816 provocavit
1621 1765 1761 1808 oratio,
1783 1776 1870 1800 mea
1897 1776 2076 1800 consecu-

1190 1840 1234 1871 ta
1268 1840 1326 1871 est
1362 1836 1505 1886 sequis.
1554 1834 1609 1872 Et
1632 1834 1682 1872 de
1709 1834 1951 1871 Senectute:
1992 1847 2077 1887 quse

1189 1905 1284 1941 vitia
1313 1910 1406 1942 sunt
1444 1918 1523 1941 uon
1551 1906 1782 1948 senectutis,
1810 1905 1882 1942 sed
1905 1906 2076 1947 incertae,

1189 1976 1355 2025 iynavoe,
1380 1975 1642 2012 somm'euloste
1665 1976 1889 2012 senectutis.

1244 2043 1539 2082 CALAMlTOSUM
1567 2044 1715 2081 dicitnr
1739 2044 1850 2081 malis
1893 2048 1932 2079 et
1974 2041 2075 2078 cala-

1188 2113 1389 2151 mitatibus
1420 2117 1717 2164 praegravatum.
1765 2112 1822 2150 M.
1850 2112 2012 2149 Tullius
2036 2111 2077 2147 in

1188 2184 1445 2222 verrinarum
1489 2183 1753 2220 divinatione:
1835 2187 1872 2219 et
1921 2182 2077 2218 honoris

1188 2255 1414 2306 amplissimi
1443 2259 1538 2307 puto
1564 2266 1665 2297 esse,
1714 2258 1752 2289 et
1785 2265 1974 2290 accusare
2016 2253 2075 2289 in-

1184 2323 1323 2375 probos
1363 2329 1401 2360 et
1452 2325 1610 2360 miseros
1653 2323 1974 2377 calamitososque
2011 2323 2076 2359 de-

1184 2394 1360 2446 fendere.
2028 2399 2046 2428 3
2053 2399 2073 2427 0

1235 2476 1273 2509 G.
1301 2476 1338 2508 2.
1395 2486 1427 2510 10
1460 2475 1578 2507 sicera
1610 2476 1647 2506 in
1677 2474 1836 2505 lf'errim's
1860 2473 1992 2503 actione
2025 2472 2074 2502 11.

1233 2534 1300 2566 W.
1327 2533 1369 2564 L.
1403 2532 1473 2564 Cic.
1504 2533 1537 2563 in
1569 2533 1708 2563 Verrem
1733 2530 1812 2561 Aet.
1842 2529 1873 2560 Ι.
1898 2528 1947 2560 Μ.
1978 2528 2075 2572 prde-

1234 2590 1359 2620 temtim
1384 2590 1448 2622 W.
1474 2589 1516 2621 L.
1540 2588 1718 2632 pedemtim
1745 2587 1794 2619 M.
1821 2585 2073 2616 insultamus.

1234 2646 1389 2677 insulsus
1423 2651 1472 2676 est
1507 2645 1647 2688 proprie
1678 2644 1804 2685 fatuus
1836 2640 1915 2673 MS.
1955 2641 2074 2671 Fabri.

1232 2715 1267 2738 20
1289 2702 1486 2745 provocabit
1521 2702 1590 2732 XV.
1617 2700 1658 2730 L.
1687 2699 1734 2730 Α.
1770 2697 1829 2728 sed
1854 2702 1952 2728 cer-tce
1977 2697 2073 2741 igna-

1233 2760 1296 2790 πίω
1321 2757 1367 2789 Α.
1395 2763 1482 2789 certe
1506 2757 1657 2801 igluaviw
1681 2755 1717 2787 J.
1743 2754 1864 2785 inertis
1883 2753 1956 2784 Cic.
1982 2754 2073 2784 cala-

1891 2809 1953 2840 w.
2002 2819 2072 2850 mg.

1699 2867 1828 2898 tristem
1864 2877 1991 2897 samum
2030 2864 2073 2907 ej.

1232 2817 1333 2847 milas
1372 2814 1461 2859 quod
1511 2814 1657 2844 calamos
1706 2816 1831 2842 atterat

1231 2882 1266 2904 30
1291 2870 1379 2902 Inar.
1405 2869 1581 2911 Afranius
1607 2867 1653 2899 A.
