2174 3267
1791 228 1903 258 xxm

74 332 167 370 tum
201 322 407 385 exempla
443 321 749 369 elocutionum
791 329 898 367 sunt
931 321 1140 382 collecta,
1180 339 1281 387 quae
1323 322 1552 387 discipulis
1597 328 1695 373 usui
1737 340 1906 390 essent,

74 414 118 453 ct
155 422 256 450 cum
290 404 525 451 harbaries
560 406 705 468 magis
734 406 972 468 magisque
1007 405 1263 469 elegantem
1298 405 1541 453 verborum
1576 426 1708 455 usum
1744 410 1906 459 obscu-

72 496 223 547 raret,
270 487 325 534 de
372 504 529 534 eorum
573 487 836 534 differentiis
885 487 1145 552 diligentius
1180 487 1457 551 disputatum
1494 498 1574 536 est.
1642 492 1748 552 Qua
1775 497 1822 541 in
1857 514 1908 544 rc

73 588 174 618 cum
209 570 480 616 clarissimus
515 577 671 616 orator
704 571 866 616 ceteris
900 571 1112 632 praeierit,
1136 569 1246 633 quid
1280 572 1456 629 mirum,
1480 572 1605 635 quod
1627 579 1907 637 posteriores
1934 572 1936 576 ’

72 655 168 700 haec
203 654 395 717 vestigia
429 652 764 717 sequebantur?
830 652 1227 711 Quemadmodum
1268 654 1408 717 igitur
1443 652 1619 701 Gellius
1664 657 1804 704 multa
1851 678 1908 707 ex

70 737 287 783 Favorini
322 742 368 781 et
399 736 649 783 Frontonis
685 736 1066 799 disputationibus
1110 736 1286 796 hausit,
1325 739 1387 782 ita
1420 737 1598 784 Nonius
1642 739 1808 804 aliique
1852 761 1908 789 ex

71 817 324 863 multifariis
358 816 444 862 illis
478 818 612 863 variae
647 817 913 864 eruditionis
945 817 1195 876 thesauris,
1244 817 1460 881 quiequid
1504 819 1612 866 utile
1655 820 1912 881 videbatur,

72 905 409 961 excerpserunt.
475 898 641 962 Neque
689 898 779 944 hoc
824 899 876 943 iis
920 899 1028 945 vitio
1073 898 1340 945 vertendum
1386 906 1467 945 est.
1533 901 1641 963 Ipsa
1678 903 1796 948 enim
1830 903 1908 949 ha-

72 997 172 1025 rum
206 980 501 1042 scriptionum
534 981 652 1026 ratio
687 981 748 1025 ita
782 979 910 1038 tulit,
952 986 1018 1038 ut,
1062 997 1162 1043 quae
1198 987 1375 1027 veteres
1410 982 1656 1044 scriptores
1690 984 1910 1046 praeclara

74 1059 314 1120 haberent,
339 1078 391 1108 ea
430 1059 813 1118 exscriberentur,
849 1068 1203 1123 excerperentur
1226 1069 1271 1107 et
1293 1061 1350 1106 ad
1384 1062 1647 1108 imitandum
1681 1081 1911 1127 propone-

73 1149 243 1189 rentur.
309 1141 545 1200 Quantum
578 1142 719 1203 igitur
751 1141 928 1187 Nonius
966 1140 1118 1187 Gellio
1150 1148 1338 1203 accepta
1371 1142 1605 1202 retulerit,
1649 1146 1737 1190 iam
1771 1163 1910 1210 supra

75 1224 290 1281 vidimus,
338 1223 420 1268 sed
465 1240 566 1268 cum
607 1223 889 1286 reliquorum
935 1231 1172 1269 auctorum
1219 1226 1554 1284 commentarii,
1598 1228 1676 1289 qui
1710 1229 1910 1276 eiusdem

76 1306 149 1353 vel
181 1305 336 1351 similis
374 1316 503 1351 erant
541 1308 813 1369 argumenti,
850 1323 1007 1352 omnes
1033 1306 1130 1352 fere
1161 1305 1219 1351 ad
1253 1324 1393 1351 unum
1428 1308 1577 1352 amissi
1613 1309 1719 1366 sint,
1755 1310 1909 1358 admo-

73 1388 179 1434 dum
225 1386 414 1433 difficilis
450 1394 520 1434 est
554 1387 825 1451 disquisitio,
872 1404 989 1450 quos
1021 1395 1188 1450 praeter
1222 1387 1348 1433 illum
1382 1390 1666 1451 potissimum
1701 1400 1911 1441 auctores

76 1477 258 1517 secutus
295 1471 366 1515 sit.
1258 1472 1260 1475 ’

206 1551 377 1598 Credat
423 1553 561 1614 igitur
608 1551 770 1615 aliquis
816 1552 969 1599 Verrii
1003 1552 1158 1599 Flacci
1207 1553 1449 1601 thesauros
1496 1555 1649 1602 Nonio
1694 1557 1913 1619 imprimis

78 1650 245 1696 magno
279 1633 381 1677 usui
415 1633 573 1691 fuisse,
608 1632 734 1696 quod
779 1635 825 1678 in
871 1633 1031 1680 codem
1076 1635 1172 1681 fere
1213 1643 1484 1698 argumento
1528 1639 1768 1685 tractando
1815 1658 1913 1686 ver-

77 1723 200 1761 satus
246 1715 394 1761 fuerit.
468 1713 566 1760 Sed
620 1732 712 1760 non
757 1716 904 1760 minus
960 1718 1178 1778 temporis
1224 1718 1373 1779 spatio
1433 1735 1569 1780 quam
1622 1721 1913 1767 consiliorum

80 1799 339 1845 diversitate
374 1798 509 1843 ambo
545 1805 651 1842 sunt
684 1799 887 1842 seiuncti.
956 1799 1145 1843 Verrius
1190 1799 1385 1845 Flaccus
1421 1802 1538 1845 enim
1585 1803 1631 1846 in
1671 1803 1914 1849 verborum

80 1878 486 1943 significationibus
522 1876 800 1922 illustrandis
849 1879 998 1923 omnia
1046 1878 1104 1923 ad
1137 1895 1229 1923 suae
1264 1881 1407 1924 :etatis
1442 1880 1604 1926 iudicia
1644 1883 1824 1941 retulit,
1872 1892 1916 1930 et

81 1970 299 2026 quantum
335 1979 391 2007 cx
424 1947 552 2006 Festi
586 1961 853 2022 fragmentis
892 1961 1113 2006 coniicere
1148 1960 1282 2018 licet,
1327 1961 1568 2024 plurimum
1602 1964 1737 2009 studii
1775 1966 1820 2010 in
1853 1966 1917 2012 hi-

81 2045 222 2090 storia
279 2050 324 2089 et
373 2039 717 2105 antiquitatibus
767 2040 1044 2086 illustrandis
1091 2043 1257 2103 posuit.
1340 2042 1518 2088 Nonius
1573 2052 1724 2091 autem
1776 2046 1917 2092 verba

84 2128 230 2189 prisca
278 2133 322 2171 et
364 2124 544 2170 insolita
591 2141 683 2169 non
728 2130 819 2168 tam
855 2124 1202 2170 commentando
1239 2141 1497 2187 exponere,
1544 2143 1680 2189 quam
1714 2134 1918 2174 veterum

83 2210 354 2271 scriptorum
389 2207 655 2252 testimoniis
691 2206 918 2268 explicare
953 2205 1135 2251 studuit.
1204 2207 1438 2253 Praeterea
1464 2224 1565 2253 cum
1591 2210 1725 2255 tertio
1752 2211 1918 2257 saeculo

84 2308 233 2337 sermo
269 2289 470 2353 vulgaris
516 2291 603 2334 iam
649 2288 788 2351 longe
833 2305 858 2332 a
903 2287 1187 2350 simplicitate
1233 2296 1278 2334 et
1322 2288 1548 2352 elegantia
1584 2308 1731 2336 aurea}
1775 2294 1918 2337 aetatis

85 2373 375 2430 recessisset,
423 2372 575 2418 Nonio
633 2371 773 2417 multa
839 2379 968 2416 erant
1025 2371 1321 2434 explicanda,
1369 2390 1469 2436 qua*
1515 2373 1707 2418 Verrius
1753 2376 1920 2421 intacta

86 2454 344 2517 reliquerat.
416 2454 668 2500 Verborum
714 2462 838 2500 vetus
881 2456 1032 2499 interit
1078 2461 1214 2500 aetus.
1281 2455 1496 2518 Denique
1545 2456 1736 2501 Verrius
1787 2455 1919 2502 docte

87 2543 133 2582 ct
161 2538 346 2599 copiose
367 2534 611 2581 verborum
635 2537 833 2598 origines
855 2536 1093 2597 variasque
1117 2536 1472 2598 significationes
1498 2536 1755 2598 explicavit,
1780 2537 1920 2583 multa

87 2617 300 2664 historica
337 2619 577 2663 immiscuit
622 2635 865 2680 rerumque
913 2625 1049 2679 atque
1095 2616 1338 2663 verborum
1384 2620 1734 2664 commentarios
1780 2622 1921 2665 omni-

89 2697 173 2743 bus
220 2701 418 2745 numeris
466 2698 702 2745 absolutos
750 2698 944 2761 reliquit.
1027 2698 1203 2743 Nonius
1250 2706 1399 2744 autem
1446 2699 1743 2745 eruditionem
1782 2707 1920 2763 atque

91 2779 341 2826 doctrinam
376 2799 467 2827 suae
503 2782 645 2826 aetatis
676 2782 721 2824 in
758 2779 1013 2843 compendii
1047 2780 1239 2824 formam
1272 2780 1451 2844 redegit
1477 2788 1522 2827 et
1543 2789 1709 2843 praeter
1732 2783 1922 2843 scripto-

90 2879 189 2907 rum
223 2864 479 2909 testimonia
515 2862 624 2908 nihil
657 2862 754 2908 fere
800 2861 855 2908 de
901 2879 984 2907 suo
1031 2877 1167 2924 quam
1202 2861 1402 2925 vulgaris
1437 2863 1659 2908 sermonis
1704 2862 1925 2909 vocabula

93 2944 403 3006 explicationis
438 2961 573 2989 causa
609 2943 791 2990 addidit.
862 2945 1010 3007 Igitur
1045 2944 1194 2989 omnia
1228 2934 1340 2989 fere¹
1360 2944 1537 2989 diversa
1560 2951 1676 2989 sunt.
1743 2944 1838 2988 Iam
1867 2942 1924 2988 de
