2174 3267
1805 225 1930 251 xxvn

111 327 225 373 Saec.
256 325 343 370 IX.
380 328 574 388 scriptus
613 334 709 385 est,
748 325 884 388 paulo
921 327 1243 371 accuratiorem
1283 327 1487 370 notitiam
1523 328 1678 389 accepi
1706 343 1731 370 a
1770 328 1932 372 iuvene

107 407 427 453 humanissimo
461 415 597 471 atque
632 408 908 467 doctissimo,
943 407 1194 454 Theodoro
1219 406 1393 454 0611161·
1416 407 1805 468 Francofurtensi,
1839 410 1933 472 qui,

107 506 208 534 cum
241 489 298 534 ad
333 498 623 537 monumenta
659 491 856 537 historiae
894 491 1176 538 Germanicae
1209 489 1513 552 perquirenda
1562 490 1783 550 Galliam,
1826 490 1932 536 Bel-

107 574 230 636 gium
263 578 308 618 ct
339 573 623 619 Britanniam
656 576 849 632 viseret,
896 591 997 620 meo
1032 573 1214 618 nomine
1249 579 1438 634 rogatus
1486 590 1588 619 eum
1620 574 1785 620 librum
1820 573 1931 620 locis

106 654 296 718 amplius
332 657 688 719 quinquaginta,
733 674 789 702 ex
825 656 988 719 quibus
1022 655 1152 700 huius
1189 654 1354 700 codicis
1389 655 1564 701 indoles
1600 662 1736 718 atque
1771 663 1932 700 natura

105 738 273 799 optime
306 739 659 799 perspiceretur,
685 739 1017 783 accuratissime
1052 754 1152 782 cum
1178 735 1374 782 editione
1398 737 1489 781 Ios.
1509 737 1710 782 Merceri
1744 735 1933 781 contulit

105 826 242 883 atque
277 836 412 882 quam
447 837 583 882 supra
618 821 939 882 proposuimus
985 821 1318 878 coniecturam,
1366 837 1522 865 omnes
1572 816 1750 863 codices
1796 834 1934 861 unum

101 901 313 964 idemque
334 900 588 963 exemplum
611 918 710 947 esse
731 908 912 947 secutos
926 933 940 959 ,
964 902 1231 946 testimoniis
1253 900 1615 946 luculentissimis
1637 897 1932 944 confirmavit.

104 981 245 1028 Cuius
277 981 382 1027 libr-i
416 982 580 1028 auxilio
615 981 762 1044 plura,
798 1000 898 1045 quae
933 981 1080 1027 adhuc
1116 983 1161 1026 in
1198 980 1405 1027 omnihus
1430 979 1700 1027 editionibus
1720 985 1933 1041 corrupta

103 1070 225 1122 sunt,
269 1064 499 1110 emendari
535 1071 763 1127 poterunt.
833 1064 1047 1112 Ceterum
1097 1064 1326 1110 nonnullis
1376 1064 1487 1110 locis
1530 1081 1631 1109 cum
1674 1062 1934 1109 Genevensi

105 1148 343 1192 consentit.

231 1228 464 1274 Praeterea
486 1227 611 1273 Frid.
634 1227 939 1286 Lindemann,
964 1228 1101 1273 homo
1129 1227 1429 1285 doctissimus,
1460 1245 1559 1290 quae
1579 1228 1673 1273 eius
1694 1234 1763 1272 est
1781 1225 1935 1270 huma-

102 1311 237 1367 nitas,
278 1327 448 1372 paucas
479 1309 698 1357 lectiones
734 1311 854 1356 misit
887 1329 910 1357 e
945 1309 1100 1356 codice
1137 1310 1557 1373 Montispessulano
1599 1310 1935 1370 transscriptas,

103 1409 203 1455 quae
238 1394 346 1437 satis
382 1392 700 1455 comprobant,
736 1409 835 1438 esse
869 1391 1051 1455 quidem
1084 1391 1208 1436 illum
1243 1391 1425 1451 librum,
1459 1392 1514 1437 de
1550 1409 1641 1454 quo
1666 1397 1792 1435 tanta
1815 1390 1935 1434 sama

101 1473 211 1533 fuit,
256 1473 518 1520 melioribus
564 1473 976 1533 adnumerandum,
1023 1472 1105 1520 sed
1138 1481 1291 1520 tamen
1334 1475 1378 1518 in
1426 1473 1563 1537 longe
1598 1473 1801 1536 plurimis
1835 1488 1934 1517 cum

101 1557 263 1602 ceteris
297 1555 424 1602 libris
458 1559 729 1603 consentire.
794 1558 868 1603 Dc
902 1556 1089 1620 reliquis
1123 1556 1249 1602 libris
1283 1557 1429 1603 MSS.
1465 1574 1579 1621 quos
1614 1557 1780 1619 passim
1816 1572 1936 1600 com-

100 1640 474 1698 memoravimus,
518 1657 612 1685 non
647 1641 755 1685 satis
790 1645 997 1685 accurate
1041 1640 1367 1702 cognovimus,
1414 1645 1465 1683 ut
1509 1645 1727 1702 quantum
1773 1638 1934 1699 cuique

101 1719 390 1766 tribuendum
424 1722 497 1779 sit,
531 1720 680 1767 dicere
714 1721 862 1767 liceat.
927 1720 1166 1766 Laudatur
1209 1739 1302 1783 prm
1354 1722 1514 1767 ceteris
1561 1720 1658 1766 cod.
1694 1718 1934 1764 Leidensis

103 1820 202 1849 nro.
237 1801 356 1847 116.
392 1802 537 1849 Catal.
572 1821 617 1864 p.
649 1800 767 1847 585.
804 1801 991 1846 membr.
1028 1803 1106 1863 qui
1137 1804 1270 1847 etiam
1299 1803 1487 1848 Festum
1520 1804 1723 1848 continet
1753 1808 1797 1846 61
1828 1800 1934 1846 011111

101 1883 325 1942 Danielis,
357 1901 465 1929 mox
486 1883 713 1942 salmasii,
748 1890 982 1946 postremo
1004 1883 1064 1927 Is.
1086 1883 1240 1928 Vossii
1274 1883 1372 1941 suit,
1402 1884 1481 1928 cfr.
1504 1885 1722 1928 Reuvcns
1756 1880 1931 1944 Ρ.188.

100 1965 336 2010 Praeterea
381 1954 658 2011 T'heodorus
706 1964 882 2011 0611161·
924 1965 1198 2010 mentionem
1240 1964 1348 2009 fecit
1395 1965 1552 2026 optimi
1587 1964 1809 2021 Parisini,
1856 1966 1933 2027 qui

99 2047 148 2091 in
199 2045 426 2109 Catalogo
475 2045 774 2091 Bibliothecae
821 2046 958 2108 regia}
996 2042 1139 2090 1740
1172 2043 1292 2090 edito
1329 2052 1510 2091 notatus
1553 2063 1646 2091 non
1681 2056 1812 2095 65561.
1878 2051 1933 2095 Id

101 2130 228 2194 quod
273 2130 556 2177 confirmavit
598 2130 786 2193 Agatho
821 2129 1161 2188 VVunderlieh,
1210 2147 1357 2192 nuper
1394 2128 1571 2191 collega
1610 2128 1717 2173 mihi
1761 2133 1929 2177 amicis-

101 2213 256 2271 simus,
289 2229 409 2257 nunc
443 2230 468 2257 a
503 2212 914 2259 Rostochiensibus
961 2214 1235 2275 professoris
1267 2230 1454 2258 munere
1489 2219 1691 2272 ornatus,
1727 2216 1930 2276 quicum

100 2296 290 2340 Parisiis
323 2301 526 2340 veterum
558 2294 988 2340 Iurisconsultorum
1023 2294 1234 2341 Summas
1269 2295 1572 2353 examinaret,
1619 2294 1805 2341 brevem
1849 2316 1928 2343 no-

101 2377 242 2422 titiam
279 2376 334 2422 de
369 2376 600 2423 codicibus
634 2378 855 2423 Parisinis
892 2377 1099 2424 confecit.
1166 2378 1307 2425 Cuius
1342 2395 1398 2423 ex
1431 2376 1609 2423 schedis
1641 2380 1927 2425 manifestum

101 2458 169 2517 fit,
204 2458 409 2505 codicum
443 2460 758 2505 Parisinorum
791 2459 930 2522 longe
964 2461 1382 2521 praestantissimum
1427 2476 1525 2508 6556
1568 2459 1731 2506 librum
1768 2459 1928 2519 7665,

102 2539 523 2600 membranaceum,
570 2540 686 2592 Saec.
721 2541 811 2600 X,
869 2541 973 2587 olim
1019 2541 1149 2587 Petri
1191 2543 1424 2603 Danielis,
1479 2550 1640 2607 postca
1685 2541 1927 2587 Philiherti

103 2619 159 2666 de
193 2620 237 2666 la
270 2622 415 2668 Mare.
468 2622 564 2668 Sed
606 2623 651 2667 in
697 2640 751 2668 eo
794 2639 978 2686 quoque
1014 2638 1111 2684 cap.
1146 2622 1232 2668 III.
1267 2631 1311 2670 61
1344 2625 1428 2671 IV.
1464 2634 1509 2672 ct
1548 2625 1689 2670 multa
1737 2626 1927 2687 scripto-

103 2718 202 2747 rum
234 2705 490 2750 testimonia
524 2704 702 2765 desunt,
737 2705 810 2751 vel
843 2705 1084 2750 laudantur
1119 2705 1325 2768 quidem,
1359 2707 1441 2753 scd
1480 2709 1576 2754 sine
1611 2707 1714 2753 libri
1743 2708 1925 2753 nomine

103 2780 178 2827 vel
197 2782 363 2830 fabulae
389 2786 709 2848 inscriptione,
746 2785 889 2832 codici
932 2784 1198 2832 Colhertino
1238 2785 1393 2833 7666.
1430 2788 1545 2835 Saec.
1579 2789 1641 2834 X.
1677 2789 1924 2834 simillimus

106 2879 205 2909 esse
241 2865 435 2926 videtur,
468 2869 512 2913 in
548 2887 640 2932 quo
674 2877 719 2916 61
752 2870 852 2932 ipso
889 2886 986 2932 cap.
1003 2869 1088 2913 ΠΙ.
1122 2875 1167 2913 et
1202 2869 1284 2914 IV.
1318 2870 1645 2917 desiderantur.
1718 2872 1922 2933 Integer-

105 2947 265 2992 rimum
297 2949 462 2996 iudicat
494 2952 710 2997 Reuvcns
747 2950 936 2997 (1011661.
972 2969 1012 3012 p.
1060 2948 1172 2995 186.
1207 2950 1381 2997 Osann.
1414 2953 1473 2998 11,
1499 2971 1540 3013 p.
1578 2951 1695 2998 587.
1734 2951 1921 2999 Colber-
