2174 3267
391 153 492 192 1111.

148 261 419 298 lixa-ananum
465 260 717 312 pavefactum
775 259 983 310 significat.

94 330 207 381 Virg.
231 330 299 367 lih.
320 343 364 367 v:
390 329 648 382 plausumque
671 330 861 366 exterrita
886 342 982 381 pen-

93 400 156 435 nis
177 399 263 436 Dat
282 404 381 436 teoto
404 400 612 450 z‘vtqevtternt.
652 398 779 435 Varro
797 398 982 435 Eumeni-

93 469 209 506 dibus
222 469 413 506 :videmus
423 468 620 522 populum,
628 468 746 520 furiis
758 468 984 504 instinctum

93 539 230 582 tribus,
247 538 455 575 Diversum
472 537 587 589 ferri,
606 539 837 574 exterritum
847 536 982 588 formi-

91 609 197 645 dine.
228 606 489 652 Exterritum,
517 620 742 652 accensum,
769 607 982 644 inflamma-

91 682 185 714 tum.
214 677 328 728 Virg.
351 675 500 729 Georg.
528 677 597 714 lib.
615 690 680 713 111:
710 678 834 713 saevit
860 677 983 726 aqris,

92 754 137 784 30
155 759 348 801 asperque
360 746 428 783 siti
446 751 565 798 atque
580 747 792 783 exterritus
809 752 934 783 aestu.

142 816 345 854 Exrmum
370 822 431 854 est
452 817 551 868 pati,
568 804 729 855 §emh-e.
758 817 983 869 Virg.Aen.

88 885 157 922 lib.
184 900 222 922 1:
267 900 332 923 vos
368 892 404 924 et
438 886 626 940 Cyclopea
660 900 761 923 saxa
796 887 981 939 Experti.

89 955 142 993 Et
176 956 393 994 Terentius
429 957 470 993 in
503 957 688 1008 Hecyra:
735 970 824 993 nam
862 956 985 1007 fuisse

93 1038 188 1076 erya
225 1039 284 1062 me
325 1027 421 1063 miro
461 1027 615 1077 inqenio
658 1032 840 1079 expertus
882 1039 980 1063 sum.

91 1090 275 1146 (p.296.)
299 1096 501 1147 Experiri,
518 1100 725 1147 temptare.
755 1096 979 1147 Virg.Aen.

90 1165 159 1202 lib.
178 1179 259 1202 1111:
290 1179 338 1202 ue
352 1166 453 1219 quid
466 1168 710 1218 inexpertum
732 1165 889 1215 frustra
909 1179 984 1201 mo-

89 1235 220 1272 ritura
238 1235 452 1289 relinquat.
474 1236 690 1272 Terentius
709 1236 749 1272 in
765 1234 957 1272 Eunucho
973 1248 980 1268 :

89 1305 217 1341 omnia
255 1305 368 1357 prius
399 1306 573 1358 experiri
603 1318 721 1358 qucim
759 1305 881 1340 armis
918 1316 981 1340 sa-

84 1374 254 1425 pientem
282 1374 405 1411 (lecet.
449 1373 627 1411 Lucilius
656 1373 724 1411 lib.
744 1387 848 1410 xxx:
878 1386 981 1409 sum-

88 1444 222 1480 matim
240 1449 371 1480 tamen
391 1444 574 1495 experiar
596 1443 810 1480 rescribere
828 1444 979 1494 paucis.

89 1514 259 1551 Plautus
286 1514 325 1550 in
352 1514 554 1552 Asinaria:
596 1514 732 1563 (liquos
775 1513 888 1549 adire
925 1519 982 1549 at-

89 1597 164 1637 que
188 1585 372 1636 experiri,
399 1589 547 1620 certum
569 1589 625 1620 est
647 1583 751 1620 milei.
780 1583 981 1633 Experiri,

90 1654 203 1690 scire.
246 1653 304 1689 M.
331 1653 490 1690 Tullius
516 1653 701 1704 Epistola
733 1653 783 1689 ad
815 1653 982 1689 Brutum

88 1722 157 1761 lib.
181 1737 256 1760 vn:
286 1722 344 1758 his
371 1724 571 1759 contraria
599 1728 718 1775 atque
745 1728 908 1774 parata,
941 1729 983 1759 ut

96 1801 137 1831 10
172 1806 254 1830 esse
278 1793 413 1836 soleat,
441 1797 622 1845 expertus
653 1805 748 1828 smn.
780 1792 891 1842 Virg.
912 1792 981 1828 lib.

88 1877 153 1900 XI:
182 1869 340 1916 experto
363 1864 523 1907 credite,
552 1867 725 1916 qutmtus
751 1861 802 1899 In
820 1861 981 1913 clipeum

88 1935 283 1985 insurgat.

141 2003 274 2040 Exuu:
298 2002 543 2040 manifestam
575 2002 695 2039 habet
723 2002 980 2053 significatio-

88 2087 193 2118 nem,
206 2077 249 2109 ut
260 2073 478 2110 Terentius
495 2072 535 2109 in
548 2071 763 2109 Eunucho:
781 2073 845 2108 exi
855 2070 980 2118 foras,

88 2142 269 2180 sceleste!
308 2146 350 2178 at
391 2144 506 2179 etiam
550 2143 732 2185 restitas,
774 2141 977 2192 Fuqitive?

89 2213 234 2257 Exire,
261 2212 451 2256 evadere,
482 2211 657 2248 liberari.
701 2211 879 2248 Lucilius
910 2211 978 2247 lib.

90 2295 244 2318 xxvm:
274 2295 323 2318 ne
344 2281 413 2319 hoc
434 2281 574 2333 faciat,
599 2287 719 2335 atque
735 2295 782 2318 ex
800 2281 873 2317 liae
890 2294 978 2317 eru-

90 2365 180 2388 mna
203 2353 363 2389 exeatis.
398 2352 537 2397 Exire,
556 2352 691 2389 vitare.
722 2351 832 2401 virg.
847 2350 916 2388 lib.
933 2364 976 2387 v:

90 2434 248 2473 corpore
270 2422 347 2458 tela
374 2422 484 2459 modo
520 2427 638 2470 atque
671 2422 788 2458 oculis
815 2422 980 2472 visulam-

90 2491 190 2529 tibus
215 2492 307 2528 exit.
338 2492 475 2537 Exire,
499 2505 719 2542 erumpere.
749 2491 977 2541 virg-‚Aen

91 2611 250 2641 Aurorae
276 2609 366 2646 549,
389 2610 451 2642 12.
478 2611 569 2642 Scal.
596 2610 675 2642 Cat.
703 2622 734 2652 p.
761 2609 853 2640 255.
880 2608 973 2640 282.

92 2664 187 2709 (pag.
203 2664 310 2703 296.)
334 2668 443 2698 saevit
459 2668 504 2699 cf.
518 2680 549 2710 p.
570 2666 663 2700 244.
678 2666 713 2698 4.
739 2666 890 2709 experiri
905 2677 977 2696 con·

92 2724 172 2754 silio
196 2735 296 2766 quam
322 2724 366 2755 B.
392 2722 485 2756 485.
512 2725 559 2755 A.
586 2725 631 2755 cf.
658 2722 751 2760 549,
768 2721 832 2754 28.
859 2722 974 2763 dispa-

96 2790 127 2813 ιο
152 2784 240 2812 rata,
266 2784 303 2808 wt
327 2789 355 2809 e.
380 2781 511 2811 soleant
537 2779 683 2823 chrell.
707 2781 737 2810 is
760 2785 857 2810 exeat
883 2778 975 2821 lngJ.

92 2847 127 2870 20
153 2835 180 2866 it
204 2839 303 2864 exeat
335 2835 379 2866 al.
404 2846 459 2877 ap.
483 2836 623 2867 Dusam.
648 2835 723 2879 Egyo
738 2836 826 2866 enim
839 2846 972 2878 ‹cn-per-

93 2892 204 2924 cinam
244 2896 281 2922 ut
317 2891 357 2922 B.
411 2903 470 2935 eqo
501 2893 588 2923 enim
623 2903 645 2922 α
673 2893 830 2934 pueritia
862 2896 901 2922 ut
925 2892 970 2922 A.

547 151 622 191 DE
651 151 827 193 VARIA
854 150 1323 190 SIGNIFICATIONE
1354 151 1685 190 SERMONUM

1847 152 1938 191 205

1051 260 1120 297 lib.
1149 275 1197 297 11:
1240 274 1317 297 uon
1351 262 1420 304 sic,
1454 259 1660 312 aqyeribus
1689 260 1814 312 ruptis
1855 272 1940 295 cum

1050 343 1229 382 spumeus
1258 331 1385 367 amnis
1408 329 1519 366 Exit.
1552 329 1686 374 Exire,
1715 328 1940 380 prohibere.

1052 400 1163 450 virg.
1192 400 1262 437 lib.
1280 413 1345 436 x1:
1372 401 1539 436 sustinet
1568 413 1593 436 a
1617 399 1746 450 icc-qulo
1768 399 1860 436 dex·-
1891 405 1937 435 20

1051 476 1175 514 tram,
1203 476 1239 506 et
1264 471 1339 506 vim
1366 469 1510 506 viribus
1537 470 1628 506 exit.

1104 540 1316 577 EXPEDIRE
1331 567 1340 583 ,
1362 538 1460 575 utile
1486 551 1584 575 esse.
1615 537 1833 575 Terentius
1857 537 1940 574 He-

1052 614 1223 646 autont.:
1255 609 1408 660 expedit
1432 607 1550 644 bonas
1570 620 1653 645 esse
1672 607 1773 644 vobis
1785 622 1800 651 ,-
1820 607 1942 652 nobis,

1050 678 1274 732 quibuscum
1298 684 1354 715 est
1378 691 1456 722 res,
1483 692 1561 714 nou
1585 679 1734 715 sinunt.
1765 676 1942 715 Lucilius

1051 748 1119 785 lib.
1132 761 1270 784 xxvn:
1291 761 1357 798 eqo
1377 749 1476 784 enim
1496 760 1549 784 [ιη
1569 761 1643 800 per
1668 748 1802 784 eiciam
1823 753 1865 784 ut
1883 761 1942 784 me

1051 831 1186 854 amare
1203 818 1420 870 expediam.
1458 817 1514 855 Μ.
1533 817 1695 856 Tullius
1718 818 1766 854 de
1787 816 1942 854 Officiis

1052 887 1118 924 lib.
1139 901 1187 925 ιιι
1219 900 1336 941 saepe
1357 888 1457 924 euim
1482 892 1552 923 aut
1572 900 1634 924 eos
1659 887 1817 931 ledunt,
1846 900 1941 941 quos

1051 971 1129 994 uon
1148 957 1329 1002 debeant,
1353 963 1424 994 aut
1451 970 1527 1001 εοε,
1551 970 1646 1011 quos
1669 971 1747 993 uon
1769 958 1938 1009 expedit.

1051 1027 1253 1078 Expedire
1268 1032 1329 1064 est
1345 1028 1521 1065 definire.
1540 1028 1649 1077 Virg.
1662 1028 1762 1064 Aen.
1779 1027 1848 1064 lib.
1862 1041 1942 1064 1111:

1051 1102 1088 1132 et
1110 1096 1286 1134 Ausonio
1301 1099 1426 1150 possis
1442 1098 1643 1134 considere
1654 1103 1791 1149 portu,
1806 1096 1940 1149 Expe-

1050 1168 1154 1203 diam
1191 1167 1320 1203 dictis.
1376 1167 1593 1204 Terentius
1626 1167 1667 1203 in
1699 1167 1940 1204 Formione:

1050 1241 1170 1289 atque
1194 1249 1255 1279 ea,
1279 1237 1315 1272 si
1326 1241 1450 1286 potes,
1470 1235 1584 1272 verbo
1609 1236 1760 1288 expedi.
1792 1235 1871 1272 Ex·
1891 1244 1938 1274 30

1050 1306 1204 1356 pedire,
1221 1305 1396 1343 liberari.
1429 1305 1537 1356 Virg.
1551 1306 1652 1343 Aen.
1673 1305 1729 1343 lib
1774 1321 1811 1342 ιιι
1828 1304 1942 1358 flam-

1048 1388 1149 1412 mam
1161 1377 1265 1412 inter
1279 1380 1316 1412 et
1335 1375 1455 1412 hostis
1474 1374 1691 1429 Expedior.
1724 1375 1940 1414 Terentius

1048 1446 1228 1497 Hecyra:
1257 1451 1371 1499 teque
1389 1445 1459 1482 hoc
1485 1446 1644 1483 crimine
1664 1445 1831 1499 expedi!
1855 1458 1941 1483 rese

1047 1516 1143 1560 vult,
1155 1516 1306 1552 intluat.
1318 1515 1486 1553 Sisenna
1498 1515 1768 1553 Historiarum
1777 1515 1846 1552 lib.
1857 1529 1919 1553 1111
1930 1531 1939 1552 :

1046 1584 1155 1636 simis
1174 1585 1407 1636 expediunt,
1436 1585 1612 1622 claustra,
1629 1584 1726 1633 sori·
1749 1585 1804 1636 (p.
1817 1581 1938 1631 297.)

1047 1655 1116 1691 bus
1156 1656 1334 1708 imposita
1371 1655 1665 1707 periclitantur.
1716 1654 1937 1706 Expedire,

1046 1726 1239 1776 proferre.
1279 1725 1391 1774 Virg.
1408 1725 1507 1761 Aen.
1523 1724 1592 1761 lib.
1618 1738 1649 1761 1:
1681 1724 1939 1778 Cereremque

1047 1796 1230 1832 ccmistris
1247 1792 1492 1845 Expediunt.
1505 1793 1562 1830 M.
1580 1794 1743 1831 Tullius
1762 1795 1810 1832 de
1832 1796 1938 1846 Sup-

1046 1864 1178 1915 pliciis
1202 1864 1240 1900 in
1264 1864 1448 1900 Verrem:
1477 1863 1667 1900 hominem
1697 1864 1857 1918 proripi
1877 1870 1937 1902 at-

1047 1948 1121 1988 que
1150 1936 1191 1971 in
1213 1933 1300 1984 foro
1334 1934 1458 1971 medio
1485 1934 1636 1971 nudari
1671 1947 1717 1971 ac
1755 1934 1938 1985 deligari,

1047 2010 1083 2040 et
1112 2003 1244 2055 virqas
1272 2003 1451 2055 expediri
1476 2003 1593 2040 iubet.

1096 2073 1231 2110 meA
1249 2073 1394 2110 dicitur
1408 2077 1523 2123 partu
1535 2072 1677 2110 levata.
1710 2072 1820 2124 Virg.
1833 2073 1935 2111 Aen.

1044 2142 1112 2178 lib.
1129 2157 1188 2179 111:
1220 2144 1384 2194 triqzbzta
1399 2143 1571 2194 capitum
1586 2142 1692 2193 fetus
1714 2143 1845 2187 enixa,
1876 2144 1934 2180 ia-

1043 2211 1151 2248 cebit.
1171 2212 1313 2257 Enixa,
1328 2212 1544 2262 subiugata.
1557 2213 1667 2263 Virg.
1680 2212 1780 2250 Aen.
1793 2213 1862 2251 lib.
1889 2221 1933 2251 10

1043 2296 1107 2318 111:
1136 2283 1290 2319 servitio
1313 2284 1451 2318 enixae
1475 2283 1645 2319 tulimus.

1100 2351 1309 2396 EFFERRE,
1330 2351 1512 2389 subdere.
1541 2351 1718 2390 Lucilius
1734 2352 1935 2390 lihxxvl:

1049 2420 1328 2472 depugnabant
1354 2435 1427 2474 pro
1454 2428 1491 2459 te
1514 2423 1608 2475 ipsi,
1639 2428 1676 2459 et
1705 2423 1936 2467 morientur,

1049 2503 1095 2527 ac
1121 2503 1162 2526 se
1198 2490 1300 2527 ultro
1337 2489 1512 2543 efferent.
1554 2492 1706 2530 Efferre
1740 2492 1937 2543 significat

1045 2610 1151 2640 Dosa.
1177 2609 1264 2639 cuim
1288 2615 1351 2640 aut
1369 2611 1555 2652 pueritiam
1574 2616 1636 2641 ant
1653 2623 1700 2642 me
1718 2622 1751 2642 α.
1772 2610 1934 2652 expediat

1041 2665 1164 2695 dictis·
1193 2676 1221 2695 v.
1247 2676 1276 2696 c.
1302 2665 1433 2697 Dusae.
1473 2667 1634 2709 expedire
1668 2668 1744 2697 vult
1784 2669 1871 2699 Mss.
1899 2676 1935 2701 30

1041 2724 1149 2755 Mero.
1191 2723 1329 2752 crimine
1352 2723 1485 2764 expedi.
1525 2724 1670 2755 Sisenna
1695 2724 1742 2755 A.
1767 2724 1801 2755 J.
1837 2730 1934 2767 teque

1039 2779 1099 2809 lzoc
1113 2779 1251 2808 crimine
1263 2778 1422 2820 expedire
1434 2780 1465 2810 si
1480 2780 1715 2815 mtlt,inducat
1729 2779 1929 2822 cherlach.

1040 2835 1071 2864 si
1095 2838 1211 2865 tuetur
1235 2834 1267 2864 b.
1292 2835 1332 2864 B.
1368 2836 1520 2866 claustra
1541 2836 1632 2879 foris
1657 2836 1686 2879 cj
1716 2831 1934 2879 (pag'.297.)

1042 2891 1085 2922 M.
1113 2890 1143 2922 1.
1175 2891 1241 2922 cfr.
1268 2889 1363 2927 458,
1389 2891 1452 2923 50.
1478 2891 1571 2930 405,
1598 2892 1660 2925 25.
1688 2893 1780 2930 407,
1810 2893 1872 2925 15.
1901 2903 1932 2927 10
