2174 3267
508 223 539 260 1.
596 222 670 260 DE
699 202 1108 260 Puorl'uETATE
1138 219 1467 259 SERMONUM.

124 337 303 384 Sunium,
343 332 458 371 triste
507 337 548 369 et
593 332 706 385 quasi
746 331 830 368 sine
865 332 957 369 risu.

72 405 128 442 M.
148 403 336 441 Afranius
358 401 570 453 Privigno:
614 415 694 439 non
716 414 784 453 eqo
811 407 849 438 te
872 403 962 439 novi

72 474 240 517 tm'stem,
266 485 446 516 servum,
470 470 642 509 serium?
672 470 838 508 Plautus
864 472 959 509 Am-

71 544 259 595 fitryone:
288 555 394 579 ηιιηε
413 542 567 596 quidem
586 546 734 593 prseter
759 554 829 578 uos
851 555 960 578 nemo

71 609 127 664 (p.
144 608 232 656 54.)
260 617 340 648 est:
371 612 433 649 dic
457 611 554 648 milti
574 624 709 648 verum
735 612 851 648 serio.

121 681 409 719 INTERPOLARE
443 685 502 718 est
532 681 733 719 inmittere
768 685 808 718 et
838 681 960 719 inter-

71 764 220 802 ponere
252 755 292 788 et
318 764 460 788 novam
481 751 646 788 formam
675 765 696 788 e
726 755 863 789 vetere
889 750 959 787 fin-

71 834 175 873 gere.
204 820 260 858 M.
287 819 448 873 Tullius
472 820 513 856 in
535 819 700 857 Verrem
725 820 881 857 actione
908 820 958 856 ii:

71 891 223 945 aliquid
233 890 436 936 demendo,
446 891 648 933 rumando,
675 890 960 943 interpolando.

70 960 124 998 Et
145 965 207 998 est
231 964 399 998 tractum
421 960 469 998 ab
494 965 580 998 arte
603 960 785 1005 fullonia,
807 960 874 1013 qui
888 974 960 1011 po-

71 1030 207 1069 liendo
239 1030 455 1079 diligenter
486 1034 621 1068 vetera
650 1044 817 1082 quaeque
849 1031 962 1083 quasi

72 1102 113 1138 in
136 1115 277 1139 novam
295 1101 471 1152 speciem
488 1105 654 1138 mutant.
682 1100 850 1138 Plautus
866 1101 961 1137 Am-

72 1171 263 1223 fitryone:
322 1171 412 1208 illuc
459 1171 567 1207 homo
609 1184 668 1207 me
714 1170 964 1224 interpolabit

79 1248 121 1278 10
139 1254 340 1294 meumque
364 1253 405 1276 os
427 1239 552 1291 finqet
578 1240 719 1276 denuo.

126 1309 425 1347 Evssnmcuum
456 1323 580 1358 genus
609 1313 670 1345 est
702 1308 800 1347 retis
832 1308 961 1359 pisca—

72 1380 216 1417 torium
253 1394 275 1416 a
314 1378 513 1416 verrendo
551 1378 714 1424 dictum,
755 1378 819 1416 vel
853 1378 962 1431 quod

73 1449 271 1495 trahatur,
305 1449 370 1487 vel
406 1448 537 1501 quod,
569 1449 602 1486 si
634 1448 729 1501 quid
754 1449 874 1487 fuerit
900 1449 961 1500 pi-

73 1521 196 1558 scium
223 1524 371 1565 natum,
400 1522 556 1557 everrat
587 1519 637 1556 ad
660 1518 747 1557 hoc.
787 1519 843 1557 Μ.
861 1519 961 1557 Tul-

72 1590 148 1628 lius
168 1590 427 1628 Verrinarum
453 1589 523 1627 lib.
549 1604 582 1627 v.
610 1589 660 1627 de
689 1589 830 1641 signis:
859 1591 964 1645 quod

73 1673 270 1715 umquam,
290 1660 449 1703 izulices,
488 1659 755 1697 huiuscemodi
771 1662 963 1698 everricu-

74 1732 152 1767 lum
174 1730 255 1767 ulla
279 1731 319 1766 in
338 1730 542 1781 provincia
564 1728 642 1779 fuit
661 1728 680 1764 ?

128 1800 377 1837 Dn‘ARchlu
403 1799 550 1836 dictum
586 1804 646 1836 est
676 1798 872 1835 distendi:
909 1799 967 1835 di-

78 1875 183 1907 ctum
206 1869 255 1906 ab
276 1869 351 1915 his.
387 1869 455 1920 qui
487 1868 583 1906 vitio
618 1872 765 1905 naturae
796 1868 851 1904 ita
876 1872 967 1904 sunt

76 1939 248 1991 pedibus
274 1938 481 1983 discretis,
524 1942 566 1974 ut
593 1950 662 1974 eos
693 1937 735 1973 in
769 1936 966 1974 diversum

76 2010 248 2047 habeant
265 2014 483 2060 separatos.
499 2007 557 2044 M.
573 2007 734 2044 Tullius
756 2007 804 2045 de
822 2007 964 2058 signis:

80 2088 125 2118 20
148 2078 374 2132 Sopatrum,
399 2078 587 2114 hominem
617 2090 826 2121 Summum,
865 2078 971 2114 domi

74 2150 259 2194 nobilem,
288 2162 433 2185 summo
465 2149 700 2199 Μαρίαν-(ιω
739 2148 963 2198 prceditum,

77 2221 296 2258 divaricari
317 2232 364 2258 ac
389 2218 560 2269 deligari
581 2216 697 2255 iubet.

124 2353 307 2386 Stewech.
350 2354 483 2384 tristem
508 2359 639 2385 torvum
677 2352 719 2396 cj.
746 2352 842 2384 Guil.
868 2351 903 2383 5.
930 2350 964 2383 8.

122 2412 266 2448 tristem,
292 2411 447 2442 acerbum
463 2410 607 2442 10.Val.
626 2409 797 2441 Francke.
822 2408 965 2444 tristem,

124 2479 277 2499 severum
312 2468 484 2510 Bongars.
522 2466 690 2498 Oudend.
725 2466 769 2496 ad
793 2463 963 2508 Appulei.

124 2524 186 2556 Fr.
212 2524 312 2555 Dusa
336 2524 379 2554 ad
403 2524 518 2555 Lucil.
547 2521 611 2554 28.
639 2521 705 2554 22.

79 2591 159 2624 pag.
186 2578 253 2612 54.
278 2581 449 2612 inmittere
472 2580 515 2611 L.
558 2579 782 2610 intermittere
816 2578 886 2609 TU.
930 2577 965 2607 iu

124 2648 234 2678 marg.
271 2636 317 2669 A.

126 2704 161 2727 20
183 2705 348 2725 summum
372 2693 462 2724 domi
486 2693 629 2724 nobilem
655 2703 721 2723 om.
746 2692 786 2722 L.
806 2691 851 2722 A.
884 2689 968 2720 cleli-

129 2750 200 2780 cat-i
224 2750 269 2783 L.
289 2749 474 2781 vaccillare
498 2749 540 2780 L.
574 2753 624 2779 est
661 2758 728 2778 om.
753 2747 820 2779 W.
865 2745 970 2777 hahet

129 2806 169 2836 L.
195 2811 295 2849 atque
319 2812 404 2837 sust.
428 2806 495 2836 VV.
520 2806 562 2837 L.
591 2803 698 2837 MSS.
716 2804 765 2834 Μ.
790 2802 902 2846 adque
918 2802 969 2833 Μ.

130 2866 232 2905 utque
256 2862 301 2892 acl
322 2868 406 2893 sust.
432 2863 492 2894 Al.
517 2863 563 2893 A.
601 2861 808 2892 vaccillante
839 2860 905 2891 W.
930 2859 969 2889 L.

494 2918 559 2949 VV.
608 2917 647 2948 L.
689 2916 794 2947 etiam
836 2915 871 2946 in
903 2926 970 2956 mg.

131 2972 166 3005 J.
212 2972 442 3017 perstringere
481 2974 526 3003 A.
563 2970 681 3003 1526.
727 2971 974 3015 praestinquere

372 2645 404 2670 10
433 2636 618 2681 piscatorii
652 2636 697 2666 A.
740 2639 878 2665 nactum
913 2632 964 2664 M.

130 2921 180 2947 est
236 2928 300 2948 non
346 2917 448 2949 valde

1850 223 1910 260 25

1077 329 1340 367 VAccxzmmn
1376 335 1437 367 cst
1464 329 1688 382 trepidare,
1721 329 1785 367 vel
1825 343 1912 367 cum

1025 400 1259 438 lassitudine
1276 400 1373 445 niti3
1403 415 1423 437 a
1444 400 1618 446 senibus,
1640 400 1708 452 qui
1731 400 1811 437 sint
1828 413 1910 438 aevo

1026 470 1186 514 defessi,
1202 474 1321 521 atque
1348 470 1615 507 sustinendam
1638 470 1912 508 lassitudinem

1661 539 1719 578 M.
1753 539 1914 577 Tullius

1026 607 1202 659 Philipp.
1230 607 1299 644 lib.
1320 608 1381 645 iii:
1420 609 1461 645 ιή
1489 607 1658 646 Gallium
1695 609 1914 646 mutilatum

1025 538 1169 576 haculo
1207 539 1433 576 tarditatem
1468 539 1613 577 levent.

1026 678 1133 715 ducit
1156 679 1365 715 exercitum
1376 692 1392 722 3
1412 691 1497 716 cum
1523 690 1605 715 una
1623 678 1785 729 leqione,
1805 685 1844 716 et
1868 692 1915 716 ea

1026 748 1270 786 vaccillante.

1081 818 1409 855 PRAESTRINGERE
1438 817 1586 854 dictum
1613 820 1674 853 est
1701 830 1779 854 non
1800 816 1916 854 valde

1603 886 1770 924 Plautus
1810 886 1848 924 in
1869 895 1914 924 30

1028 957 1163 995 Milite
1192 958 1386 1010 glorioso:
1425 959 1682 1011 praestringat
1724 957 1918 994 oculorum

1030 887 1226 939 stringere
1271 892 1312 924 et
1351 887 1548 926 claudere.

1030 1030 1147 1066 aciem
1162 1030 1203 1065 in
1215 1030 1298 1066 acie
1310 1028 1493 1066 hostibus.
1537 1027 1717 1065 Lucilius
1734 1026 1804 1064 lib.
1815 1041 1895 1063 xxx
1909 1042 1916 1062 :

1026 1100 1285 1151 pr‘(est1·z‘2iqat
1340 1099 1536 1136 oculorum
1581 1100 1700 1135 aciem
1746 1099 1788 1134 in
1837 1098 1919 1134 acie

1029 1168 1203 1205 hostibus
1230 1168 1436 1220 splendore
1467 1169 1638 1204 micanti.
1676 1166 1735 1203 Μ.
1757 1166 1919 1204 Tullius

1031 1238 1080 1274 de
1104 1238 1345 1275 Senectute:
1386 1238 1564 1286 voluptas
1592 1239 1741 1274 rationi
1766 1238 1921 1274 inimica

1032 1312 1105 1351 est,
1129 1308 1281 1351 mentis,
1306 1312 1349 1343 ut
1370 1308 1426 1343 ita
1454 1307 1596 1350 dicam,
1620 1320 1723 1358 prce·
1754 1302 1810 1357 (p.
1826 1301 1918 1352 55.)

1030 1379 1191 1428 strz'tzyz‘t
1221 1377 1367 1420 oculos,
1407 1390 1477 1414 nec
1516 1375 1631 1413 habet
1671 1376 1792 1412 ullum
1831 1390 1915 1412 cum

1030 1448 1176 1484 virtute
1201 1448 1476 1484 commercium.
1514 1446 1644 1484 Varro
1672 1445 1917 1483 Andabatis:

1031 1531 1110 1554 non
1125 1517 1280 1561 mirum,
1305 1517 1342 1553 si
1362 1518 1534 1554 ccecutis:
1565 1530 1706 1553 aurum
1720 1516 1821 1552 enim
1842 1530 1921 1553 non

1032 1588 1160 1624 minus
1178 1587 1426 1639 proestrinyit
1437 1587 1577 1631 oculos,
1610 1599 1728 1641 quam
1743 1576 1768 1624 ot
1789 1576 1921 1632 πολύς

1033 1650 1226 1710 ἄκρατος,
1257 1657 1401 1696 Cicero
1419 1657 1468 1694 de
1490 1657 1591 1695 Fato
1614 1660 1655 1694 et
1677 1656 1727 1693 de
1752 1656 1921 1693 Finibus

1032 1728 1228 1765 bonorum
1273 1732 1313 1765 et
1356 1728 1548 1765 malorum
1589 1726 1658 1764 lib.
1693 1727 1750 1764 iv:
1802 1727 1920 1763 aciem

1034 1798 1249 1833 animorum
1275 1803 1497 1834 nostrorum
1531 1797 1690 1833 virtutis
1714 1796 1921 1847 splendore

1030 1867 1324 1919 proestriuyitiS.

1084 1935 1260 1981 ΑΝΕΙΝΑ,
1284 1949 1408 1986 genus
1424 1935 1573 1981 morbi3
1603 1948 1649 1972 eo
1668 1934 1776 1987 quod
1788 1939 1921 1984 angat,

1034 2010 1076 2042 et
1096 2004 1235 2044 Graece
1261 2019 1432 2057 synanca
1455 2005 1694 2057 appellatur.
1730 2004 1849 2042 Luci·
1876 2013 1919 2043 10

1033 2075 1112 2113 lius
1139 2075 1209 2113 lib.
1231 2090 1333 2113 xxx:
1364 2076 1565 2127 insperato
1584 2074 1686 2119 abit,
1706 2088 1817 2128 quem
1839 2088 1922 2111 una
1953 2096 1955 2098 ·

1030 2146 1209 2197 ιιηφιίηα
1233 2146 1392 2182 sustulit
1418 2145 1531 2182 hora.

1082 2215 1302 2259 ARQUATUS
1330 2215 1491 2254 morbus
1514 2215 1660 2260 dietus,
1691 2215 1762 2267 qui
1789 2214 1922 2266 regius

1079 2346 1192 2385 (error
1224 2350 1334 2383 Nonii
1368 2355 1407 2382 ut
1439 2349 1504 2383 21.
1542 2349 1610 2388 14;
1648 2354 1682 2382 et
1717 2350 1811 2383 575.
1839 2346 1921 2385 51.)

1077 2406 1121 2449 cj-
1146 2408 1195 2439 M.
1238 2417 1274 2442 30
1299 2408 1336 2438 ἰη
1370 2418 1435 2438 om.
1469 2408 1517 2439 A.
1548 2407 1848 2451 praestinquatque
1878 2406 1920 2449 cj.

1076 2463 1236 2495 Lambin.
1281 2465 1526 2508 perstringunt
1557 2463 1604 2495 A.
1654 2463 1922 2508 praestrinqant:

1076 2530 1109 2551 v.
1135 2530 1164 2551 c.
1189 2520 1308 2551 Dusae.

1031 2586 1113 2619 pag.
1139 2574 1204 2606 55.
1230 2581 1280 2606 est
1305 2577 1426 2607 mentis
1450 2576 1573 2608 W.L.
1599 2574 1646 2607 A.
1671 2580 1722 2606 est
1745 2580 1776 2606 et
1801 2575 1923 2606 mentis

1077 2631 1120 2674 cj.
1157 2630 1319 2665 Gerlach.
1367 2634 1577 2678 perstrinqit
1600 2634 1647 2665 A.
1695 2633 1923 2677 '’nustria-qut

1077 2688 1118 2719 L.
1142 2698 1202 2719 uec
1224 2688 1324 2721 habet
1347 2691 1415 2722 Ὧν.
1440 2691 1481 2721 L.
1506 2688 1554 2721 A.
1582 2689 1736 2720 coecuttis
1759 2689 1825 2720 W.
1862 2700 1921 2720 ειε-

1078 2744 1189 2780 cutis3
1226 2746 1340 2777 miuus
1370 2758 1493 2778 aurum
1526 2746 1614 2777 enim
1647 2756 1713 2776 uon
1744 2756 1795 2782 pr.
1829 2756 1857 2776 o.
1892 2756 1922 2788 q.

1081 2796 1120 2830 τὸ
1153 2802 1210 2831 σοῦ
1243 2800 1356 2843 κράνος
1394 2803 1540 2847 Popma‚
1566 2802 1667 2844 Lips.
1707 2800 1850 2832 saturn.
1887 2799 1922 2831 2.

1082 2866 1140 2886 nec
1163 2856 1287 2888 mirum
1310 2858 1418 2889 Turn.
1453 2859 1566 2889 minus
1597 2869 1662 2889 om.
1695 2858 1741 2889 A.
1778 2854 1797 2887 ὅ
1822 2852 1923 2890 πολύς

1083 2908 1150 2955 ἅκρ.
1186 2910 1291 2946 MSS.
1323 2913 1371 2946 Μ.
1396 2915 1462 2945 W.
1488 2915 1528 2945 L.
1564 2913 1718 2946 Tui-neh.
1755 2912 1819 2944 29.
1861 2911 1921 2942 17.

1090 2979 1121 3002 10
1145 2975 1309 3009 synantea
1334 2971 1373 3003 L.
1407 2971 1479 3002 abit
1503 2971 1568 3002 W.
1595 2971 1633 3001 L.
1657 2971 1733 3013 aqit
1755 2968 1802 3000 A.
1838 2967 1924 2998 abiit
