2174 3267
5 2951 9 3049 ἲ

8 3101 10 3159 1

10 3178 12 3222 ι

475 196 522 232 V.
582 194 651 231 DE
681 194 1075 233 DIFFERENTHS
1106 196 1423 235 VERBORUM.

46 301 229 339 Manilio:
268 302 327 338 hic
357 314 424 352 eqo
456 314 533 337 non
567 301 687 337 solum
724 300 917 350 confiteor,

46 384 174 407 verum
213 371 326 408 etiam
362 368 557 423 profiteor.
602 370 821 408 Honestius
856 371 916 408 vel

48 440 237 489 profiteri,
271 438 384 490 quam
413 439 603 477 confiteri.

100 507 230 545 Uncus
266 513 305 545 et
330 521 478 545 VULNUS
511 507 585 544 hoe
613 508 781 551 distant,
812 508 919 559 quod

47 573 225 628 (p.455.)
251 578 386 614 ulcus
416 582 519 614 tecta
539 582 578 613 et
601 577 732 613 clausa
758 581 817 614 est
840 591 916 614 ma-

46 646 217 696 lignitas.
252 646 361 696 Virg.
392 645 537 696 Georg.
562 646 629 683 lib.
655 660 718 682 111:
750 659 863 699 quam
886 647 921 682 si

46 717 131 768 quis
168 715 276 762 ferro
315 716 441 768 potuit
479 716 697 752 rescindere
735 728 919 753 summum

50 784 198 822 Ulceris
224 798 278 822 os.
304 786 425 822 alitur
446 786 577 822 vitium
602 786 771 839 vivitque
792 790 920 836 teqen-

46 854 108 890 do.

46 923 116 961 lib.
134 921 239 961 vun‘:
269 925 459 976 produxi,
481 926 650 976 pressive
673 925 821 968 oculos,
851 930 920 960 aut

152 855 363 899 Vulnus,
403 855 516 891 hians
548 859 587 891 et
618 860 768 905 patens.
808 854 918 904 virg.

46 994 209 1030 vulnera
230 994 320 1038 lavi,
355 994 469 1031 Veste
496 1000 641 1046 tegens.

102 1063 305 1110 QUARTUM
340 1068 379 1100 et
417 1077 574 1107 QUARTo
607 1063 820 1113 prudentes
848 1062 920 1098 dif-

49 1134 151 1169 ferre
189 1133 383 1169 dixerunt.
446 1133 571 1170 Varro
616 1132 921 1182 Disciplinarum

56 1210 98 1240 ¹0
125 1204 277 1254 quinto:
314 1202 422 1238 aliud
457 1207 515 1238 est
547 1207 686 1255 quarto
706 1206 921 1252 praetorem

48 1270 150 1320 fieri,
174 1272 286 1308 aliud
309 1277 515 1324 quartum:
545 1277 581 1308 et
599 1277 782 1323 quartum
802 1271 922 1307 locum

50 1340 244 1392 siqnifi'cat
280 1346 317 1377 et
352 1346 432 1377 tres
470 1346 561 1377 ante
593 1339 739 1387 factos,
782 1343 924 1392 qecarto

51 1416 199 1463 tempus
232 1408 426 1460 significat
464 1415 501 1445 et
539 1414 601 1445 ter
638 1414 729 1445 ante
761 1408 921 1458 factum.

52 1478 209 1516 Ennius
235 1484 356 1516 recte:
399 1477 568 1525 Quintus
595 1483 712 1529 pater
742 1483 925 1531 quartum

50 1548 96 1597 fit
122 1549 266 1586 consul.

107 1619 248 1655 TURPE
279 1623 318 1655 et
344 1631 503 1654 FOEDUM
536 1631 650 1668 quam
676 1616 844 1653 habeant
869 1617 926 1653 di-

56 1689 249 1731 stantiam,
280 1687 525 1724 manifestum
552 1691 632 1723 est:
664 1700 750 1723 nam
784 1692 926 1736 turpe

55 1757 180 1794 levior
203 1769 266 1793 res
290 1761 363 1801 est,
389 1756 579 1794 foedum
610 1757 683 1792 vim
710 1756 830 1793 hahet
852 1770 928 1792 ma-

57 1827 190 1863 iorem.
228 1826 284 1863 M.
307 1826 466 1862 Tullius
501 1825 549 1862 de
574 1825 746 1862 Officiis:
776 1825 931 1861 luxuria

56 1909 146 1932 vero
172 1909 255 1932 cum
287 1895 389 1931 omni
416 1895 539 1931 aetati
566 1896 713 1945 turpis,
751 1900 842 1931 tunc
873 1907 930 1930 se-

57 1965 205 2002 nectuti
224 1964 447 2018 foedissima
475 1970 544 2001 est.

112 2035 280 2071 FonMAE
300 2039 339 2071 et
354 2047 524 2071 mounAE
548 2047 646 2085 quae
663 2034 713 2069 sit
731 2032 934 2077 differitas,

64 2111 109 2140 20
143 2103 199 2140 Μ.
227 2103 386 2140 Tullius
421 2103 688 2140 manifestator
724 2107 805 2139 est:

63 2173 108 2210 fo
117 2187 136 2210 r
144 2188 179 2210 m
189 2187 209 2210 a
219 2187 255 2210 m
300 2173 566 2223 integritatem
609 2172 756 2223 speciei
812 2171 933 2209 voluit

846 2116 892 2138 11ss
898 2117 931 2138 in

66 2255 169 2286 esse,
209 2243 410 2293 figuram
451 2243 611 2279 formam
647 2245 842 2285 nostram,
885 2240 932 2277 de

66 2310 216 2348 Officiis
240 2311 309 2350 lib.
334 2325 368 2348 1:
393 2312 581 2363 principio
609 2311 778 2362 corporis
809 2312 936 2346 nostri

66 2393 243 2431 magnam
271 2386 418 2417 natura
452 2381 536 2432 ipsa
568 2380 720 2417 videtur
757 2379 932 2417 habuisse

68 2488 168 2526 atque
194 2481 309 2514 1526.
332 2483 404 2515 JM.
435 2483 596 2514 Videmus
621 2495 654 2526 p.
670 2482 839 2519 295,25.
874 2483 940 2512 Fu-

1762 198 1849 236 295

981 304 1190 346 rationem,
1228 316 1329 356 quae
1362 303 1523 353 formam
1555 310 1727 340 nostram
1763 303 1852 339 reli-

981 385 1172 424 quamque
1197 372 1384 423 fiquram,
1413 373 1453 408 in
1481 386 1558 426 qua
1585 379 1683 409 esset
1711 373 1854 425 specics

981 440 1164 484 honesta,
1201 454 1285 477 eam
1310 443 1437 492 posuit
1466 441 1506 476 in
1531 448 1722 493 promptu.

1032 509 1290 546 DiGNlTATEM
1326 514 1364 546 et
1393 523 1651 547 VENUSTATEM
1686 511 1855 547 discerni

982 579 1106 615 voluit
1132 578 1187 617 Μ.
1211 578 1393 623 Tullius,
1428 584 1470 615 ut
1503 579 1714 629 dig-nitas
1750 581 1856 624 viris,

983 655 1212 685 venustas
1242 649 1394 685 feminis
1428 650 1478 685 sit
1510 649 1782 693 adtribuenda,
1810 650 1858 686 de

983 716 1133 754 Officiis
1152 717 1219 753 lib.
1237 730 1269 753 1:
1299 723 1537 754 venustatem
1550 718 1767 755 muliebrem
1786 719 1856 755 du-

982 800 1067 823 cere
1092 786 1287 830 debemus,
1314 787 1541 837 diqnitatem
1563 788 1724 824 virilem.
1811 796 1855 825 30

1036 855 1236 892 MONSTRA
1271 860 1311 892 et
1345 869 1534 893 pnonmm
1572 861 1611 893 et
1652 870 1858 893 PORTENTA

985 925 1060 961 hoc
1077 925 1236 969 distant,
1252 925 1358 976 quod
1378 931 1468 963 Sunt
1490 940 1558 962 mo
1571 931 1700 964 nstra
1729 932 1858 964 osten-

985 999 1023 1031 ta
1053 999 1093 1031 et
1114 995 1263 1031 monita
1287 995 1461 1032 deorum.
1499 995 1691 1046 Virgilius
1714 996 1781 1033 lib.
1798 1010 1861 1033 111:

984 1065 1225 1117 primumque
1243 1070 1444 1116 parentem
1469 1064 1651 1101 Monstra
1674 1062 1861 1116 (p.456.)

987 1134 1098 1169 deum
1120 1133 1261 1184 refero.
1293 1133 1525 1184 Prodigia
1551 1134 1711 1171 deorum
1732 1135 1858 1172 minae

990 1202 1049 1238 vel
1069 1202 1161 1239 irae.
1192 1202 1300 1251 Virg.
1322 1202 1420 1240 Aen.
1447 1202 1512 1239 lib.
1535 1217 1597 1239 111:
1626 1204 1708 1240 sola
1726 1218 1863 1240 novam

989 1270 1170 1324 dictuque
1201 1270 1313 1321 nefas
1342 1271 1524 1323 Harpyia
1554 1271 1691 1309 Celeno
1724 1272 1865 1309 Prodi-

986 1341 1091 1390 qiam
1127 1342 1244 1376 canit.
1287 1340 1340 1376 Et
1373 1339 1440 1387 lib,
1465 1354 1530 1377 v1:
1566 1342 1754 1393 prodigiis
1789 1343 1869 1379 acti

990 1409 1236 1453 caelestibus,
1278 1423 1366 1446 ossa
1399 1410 1576 1462 piabant.
1632 1410 1867 1448 Portenta

993 1483 1170 1519 ostenta„
1202 1492 1301 1529 quae
1331 1479 1481 1529 aliqu-id
1508 1480 1695 1517 inminere
1723 1480 1867 1530 signifi-

993 1552 1093 1584 cant.
1131 1546 1309 1585 Lucilius
1340 1547 1407 1599 lib.
1434 1562 1551 1584 xxvi:
1584 1549 1660 1585 nisi
1686 1555 1869 1600 portenta

993 1617 1207 1670 anquisque
1224 1617 1395 1653 volucres
1421 1631 1468 1654 ac
1483 1619 1665 1670 pinnatos
1686 1618 1866 1656 scribitis.

1049 1687 1214 1724 CELARE
1240 1691 1279 1724 et
1307 1700 1486 1724 CAELARE
1517 1687 1615 1725 hanc
1645 1687 1790 1725 habent
1812 1689 1869 1726 di—

994 1757 1232 1800 versitatem,
1253 1757 1359 1807 quod
1385 1761 1446 1793 cst
1472 1757 1624 1794 celari
1648 1763 1799 1807 tegere,
1825 1765 1868 1795 10

997 1825 1251 1862 abscondere.
1282 1825 1494 1862 Terentius
1518 1826 1559 1862 in
1582 1826 1751 1864 Andria:
1779 1826 1872 1863 bene

996 1895 1274 1932 dissimulatum
1303 1908 1469 1932 ainorem
1505 1901 1543 1932 et
1584 1896 1745 1933 celatum
1773 1897 1873 1933 indi-

998 1977 1104 2001 cans.
1144 1964 1334 2015 Virgilius
1374 1964 1441 2001 lih.
1476 1978 1530 2000 vl:
1576 1967 1716 2001 secreti
1745 1965 1872 2002 celant

998 2034 1128 2071 calles.
1161 2033 1366 2071 Caelare
1391 2033 1624 2084 insculpere.
1649 2034 1758 2083 Virga
1775 2034 1873 2073 Aen.

997 2102 1064 2139 lib.
1089 2117 1121 2139 1:
1149 2104 1377 2157 caelataque
1402 2104 1443 2140 in
1470 2116 1568 2140 auro
1598 2103 1735 2140 Fortia
1766 2104 1876 2155 facta

995 2177 1164 2223 patrum.
1206 2173 1330 2209 Varro
1352 2173 1558 2222 Agatone:
1582 2186 1764 2210 namnam
1790 2187 1875 2210 cae-

997 2242 1100 2278 latus
1124 2242 1164 2277 in
1190 2254 1307 2278 manu
1329 2241 1468 2278 dextra
1496 2240 1640 2292 scyf'us,
1667 2241 1781 2280 Caelo
1811 2243 1875 2280 do-

997 2311 1087 2348 litus
1116 2316 1240 2347 artem
1270 2316 1437 2347 ostentat
1465 2310 1658 2348 Mentoris
1675 2311 1693 2347 ἱ)

1053 2380 1275 2417 [GNoscnnE
1294 2384 1333 2416 et
1355 2392 1586 2418 CONGEDERE
1603 2395 1718 2431 quem
1734 2382 1783 2419 ad
1798 2396 1878 2420 mo-

1007 2489 1055 2513 [cr
1080 2483 1118 2513 L.
1143 2483 1343 2513 distantiam
1356 2506 1363 2513 .
1379 2507 1384 2514 .
1402 2484 1464 2514 vim
1483 2483 1578 2515 habet
1597 2496 1664 2517 om.
1679 2487 1716 2517 L.
1742 2487 1880 2518 latoria

70 2539 173 2568 turiis
196 2539 235 2569 L.
257 2538 390 2580 fiituris
415 2538 482 2570 AJ.
506 2540 703 2569 instinctum
728 2538 816 2569 Scal.
853 2537 940 2582 quod
959 2564 982 2591 Q
1007 2539 1045 2569 L.
1070 2544 1184 2569 nostra
1207 2539 1371 2581 reliquam
1396 2551 1480 2583 qtaeae
1500 2538 1613 2586 figura
1638 2542 1679 2573 L.
1712 2548 1748 2572 ut
1772 2542 1821 2573 in·
1843 2554 1880 2577 20

71 2591 220 2634 confiteri
242 2595 307 2624 vol.
332 2600 392 2629 est,
418 2593 567 2635 confiteri
580 2589 849 2637 (superscruyrro)
874 2605 941 2624 nec.

71 2659 108 2683 30
131 2649 171 2679 L.
195 2660 257 2691 pro
276 2648 382 2680 Mulio
400 2650 509 2691 princ.
532 2661 594 2692 pro
608 2650 738 2681 Manlio
762 2650 796 2681 J.
819 2661 881 2693 pro
894 2650 940 2680 M.

76 2705 192 2735 Tullio
217 2702 370 2746 chuiac.
393 2706 628 2746 proluar-cello
650 2704 782 2746 ch.D.
808 2706 861 2736 vel
875 2717 941 2736 om.

73 2757 119 2803 (p.
132 2755 242 2793 455.)
259 2759 298 2795 L,
313 2759 382 2791 AJ.
414 2759 531 2804 Georfl.
551 2773 580 2803 pv
596 2760 690 2798 459,
704 2761 766 2793 12.
794 2762 945 2805 pressive

74 2829 110 2860 p.
123 2814 216 2852 564,
234 2814 296 2846 29.
324 2815 433 2846 Varro
445 2815 536 2847 Geli.
558 2816 617 2851 10,
636 2816 712 2852 1,6.
737 2817 836 2848 aliud
848 2829 946 2861 quar-

79 2882 111 2907 10
129 2878 197 2903 tum
223 2871 334 2902 om.L.
360 2876 481 2914 quarto
505 2872 611 2902 locum
634 2872 683 2910 L,
709 2877 741 2903 et
776 2874 824 2904 sic
855 2872 945 2904 Gell.

54 2960 56 2962 ,
77 2926 247 2972 siqnifi'cnt
265 2924 554 2969 tre.‹...e1'9nificat
574 2933 623 2957 ter
648 2928 687 2959 L.
714 2929 866 2971 quintum
889 2940 947 2969 pa-

981 2587 986 2593 *
1007 2595 1145 2624 ductum
1173 2594 1207 2625 in
1232 2595 1296 2630 W,
1323 2606 1389 2626 om.
1415 2599 1492 2627 ante
1517 2596 1561 2627 A.
1597 2597 1708 2628 dicere
1731 2598 1882 2629 debemus

1007 2654 1084 2680 ante
1100 2650 1147 2682 M.
1180 2650 1351 2693 Virgilius
1377 2662 1409 2692 p.
1428 2650 1520 2688 550,
1539 2652 1575 2683 5.
1601 2659 1765 2684 monstrat
1785 2654 1881 2684 deum

1008 2706 1045 2735 L.
1076 2706 1171 2748 ¹⁷¹'r25'·
1198 2717 1231 2746 p.
1249 2704 1341 2742 450,
1365 2705 1423 2737 11.
1448 2713 1477 2737 c!
1503 2708 1563 2739 lib.
1589 2710 1636 2740 vi.
1663 2705 1883 2751 (pag-456.)

1010 2773 1042 2803 p.
1057 2760 1147 2797 245,
1167 2759 1230 2791 26.
1268 2759 1359 2797 570,
1384 2760 1422 2794 6.
1459 2763 1618 2795 Lucilius
1642 2777 1677 2808 p.
1708 2764 1799 2801 191,
1825 2765 1884 2798 19.

1011 2818 1119 2848 celare
1145 2822 1251 2859 tegere
1277 2817 1353 2847 edd.
1382 2819 1492 2850 Varro
1516 2832 1548 2862 p.
1567 2818 1633 2857 99,
1650 2820 1709 2851 17.
1746 2820 1826 2852 Cae·
1854 2831 1886 2855 1ο

1011 2874 1107 2916 loque
1154 2871 1284 2902 dolitus
1309 2871 1478 2915 ejCarrio.
1517 2875 1660 2912 distant,
1683 2878 1793 2919 aperit
1819 2878 1884 2913 W,

1014 2929 1123 2970 princ.
1159 2926 1267 2958 AJM.
1315 2929 1402 2970 quod
1427 2929 1507 2961 mihi
1542 2932 1619 2962 edd.
1665 2932 1710 2962 da
1735 2932 1786 2962 bis
1819 2932 1885 2965 W,
