2174 3267
1726 215 1868 242 xxxnl

178 323 419 366 Postremo
465 321 510 362 in
555 315 639 361 liae
681 322 834 361 nostra
880 315 1073 361 editione
1123 318 1319 379 quinque
1368 314 1570 360 codicum
1605 312 1708 359 MS.
1746 314 1867 358 varia

50 403 180 449 lectio
215 403 430 447 accessit:

98 513 140 560 1.
177 513 372 561 Collatio
409 511 575 558 codicis
609 510 793 555 alicuius
840 527 971 555 manu
1017 510 1172 556 Iacobi
1221 509 1465 572 Bongarsii
1514 509 1570 555 ad
1619 509 1867 572 marginem

178 594 384 640 editionis
419 592 557 638 Basil.
598 588 738 637 1555
773 592 1048 654 consignata.

95 709 141 755 2.
177 709 374 756 Collatio
409 710 466 755 ab
496 707 655 755 eodem
690 709 948 771 Bongarsio
983 709 1028 751 in
1062 707 1264 768 margine
1300 703 1506 751 editionis
1543 703 1731 749 Venetae
1756 703 1868 748 Ber-

179 792 352 837 nardini
387 793 565 853 scripta.

242 889 487 953 Utriusque
532 889 632 934 libri
675 906 804 934 usum
851 888 1065 935 debemus
1113 887 1313 932 amicitiae
1362 883 1607 931 doctissimi
1651 885 1732 928 viri
1766 882 1869 929 Car.

242 972 361 1019 Guil.
396 972 596 1030 Miilleri,
631 974 708 1035 qui
742 973 896 1018 Berna
931 971 988 1016 ad
1021 987 1104 1016 nos
1138 971 1252 1014 mitti
1286 969 1469 1014 curavit.

97 1118 110 1133 ‹
135 1122 144 1131 .
179 1087 340 1134 Codex
374 1088 638 1133 Basiliensis
678 1087 940 1133 chartaceus
974 1084 1044 1132 40
1077 1086 1191 1132 Saec.
1228 1086 1336 1131 XV.
1372 1086 1504 1148 signo
1541 1082 1592 1127 F.
1631 1080 1765 1129 Vffl.
1805 1077 1867 1124 11

182 1176 376 1215 notatus.
418 1169 497 1214 esr.
529 1169 690 1214 Haenel
723 1168 934 1231 Catalogi
966 1187 1010 1230 p.
1045 1166 1163 1213 551.

100 1087 130 1133 vl

246 1269 514 1329 Inspexerat
563 1272 666 1311 ante
717 1283 800 1311 nos
852 1265 987 1327 Casp.
1037 1264 1254 1310 Barthius
1306 1271 1350 1309 et
1399 1260 1640 1308 nonnullas
1689 1257 1878 1321 protulit

245 1347 488 1404 lectiones,
535 1355 772 1410 excerptas
807 1364 862 1392 ex
898 1348 1038 1393 caseis
1070 1346 1166 1403 his,
1204 1362 1316 1409 quas
1354 1344 1486 1400 dicit,
1532 1342 1800 1389 membranis
1833 1339 1878 1382 in

245 1429 626 1476 Adversariorum
660 1427 784 1473 libris
820 1446 862 1490 p.
900 1424 1041 1472 1674
1079 1426 1133 1472 al.

114 1541 162 1589 4.
196 1541 357 1590 Codex
392 1542 802 1606 Guelferbytanus„
846 1543 964 1587 inter
997 1540 1233 1587 Gudianos
1268 1557 1455 1585 numero
1491 1535 1598 1584 555
1632 1535 1883 1588 distinctus,

184 1625 516 1682 membraneus⁷
546 1622 615 1668 sss’
648 1623 762 1670 Sace.
797 1624 860 1667 X.
907 1624 952 1667 in
996 1640 1087 1685 quo
1138 1622 1370 1669 Ciceronis
1415 1636 1599 1683 quoque
1645 1624 1689 1663 et
1724 1617 1883 1677 Augu-

184 1707 287 1750 stini
331 1705 610 1769 aliorumque
670 1704 809 1750 libelli
866 1705 1164 1750 continentur.
1244 1703 1323 1747 cfr.
1382 1701 1530 1747 Ebert
1577 1698 1685 1745 bibl.
1731 1694 1883 1743 Guels.

187 1786 364 1833 codices
400 1785 547 1831 Graeci
582 1793 627 1830 et
661 1786 830 1841 Latini,
878 1800 973 1828 nro.
1009 1782 1128 1827 562.

106 1900 152 1945 5.
191 1901 348 1947 Codex
387 1898 790 1961 Guelferbytanus,
824 1899 868 1942 in
887 1896 1106 1944 Gudianis
1142 1897 1382 1958 inscriptus
1421 1911 1609 1940 numero
1629 1890 1712 1937 25.
1749 1909 1884 1936 mem-

188 1982 400 2038 hraneus⁷
435 1980 512 2025 fol.
546 1979 660 2025 Saee.
695 1979 801 2025 XV.
838 1980 914 2042 qui
951 1978 1150 2023 continet
1185 1978 1318 2023 etiam
1341 1976 1477 2024 Gellii
1498 1976 1669 2021 Noctes
1694 1975 1884 2020 Atticas.

190 2064 270 2109 cfr.
305 2063 452 2108 Ehert
483 2062 509 2105 l.
545 2079 580 2106 e.
615 2079 710 2107 nro.
746 2060 863 2106 561.

255 2159 470 2206 Codieem
525 2159 781 2206 Gudianum
837 2168 1074 2221 utrumque
1132 2164 1287 2202 nostra
1348 2158 1493 2219 gratia
1545 2155 1884 2218 diligentissime

257 2242 446 2289 contulit
497 2242 583 2288 Ph.
631 2243 681 2289 C.
726 2244 946 2297 Hessius,
1002 2242 1125 2286 cuius
1167 2240 1363 2285 muneris
1409 2236 1644 2284 nobiscum
1690 2236 1884 2282 lectores

258 2325 515 2371 doctissimo
551 2327 645 2370 viro
683 2326 872 2388 gratiam
908 2322 1151 2368 habebunt.

193 2442 279 2486 His
326 2439 533 2485 subsidiis
581 2455 671 2483 non
716 2439 969 2499 promiscue
1015 2433 1229 2479 utendum
1266 2433 1645 2490 existimavimus,
1694 2429 1775 2476 sed
1809 2431 1886 2487 ita,

67 2525 128 2568 uti
181 2523 333 2567 critica
381 2522 495 2567 ratio
540 2518 813 2582 postulabat.
908 2517 1229 2561 Examinantes
1265 2515 1381 2559 enim
1416 2512 1634 2558 librorum
1692 2519 1736 2558 et
1783 2529 1887 2557 eon-

68 2621 247 2650 sensum
294 2611 338 2649 et
373 2603 620 2648 dissensum
666 2602 776 2647 duas
811 2601 1058 2663 reperimus
1095 2598 1222 2659 quasi
1257 2595 1473 2653 familias7
1522 2611 1712 2657 quarum
1747 2592 1887 2638 altera

70 2684 353 2730 collationem
387 2684 630 2747 Bongarsii
663 2684 877 2744 priorem⁷
914 2679 1112 2724 codicem
1146 2676 1402 2723 Gudianum
1449 2676 1644 2737 priorem
1693 2680 1737 2719 et
1770 2673 1888 2717 Vos-

69 2765 241 2809 sianum
286 2764 526 2811 Stavereni
573 2762 908 2825 complectitur3
968 2758 1107 2803 altera
1161 2756 1360 2819 reliquos
1413 2772 1598 2813 omncs,
1645 2754 1889 2817 plerosque

70 2852 173 2890 ante
223 2863 365 2907 pauca
410 2846 571 2892 saeeula
616 2846 835 2907 scriptos,
885 2842 1096 2888 continet.
1164 2837 1281 2882 Illud
1324 2855 1469 2901 genus
1516 2844 1646 2882 {etate
1692 2842 1891 2898 praestat,

71 2927 157 2973 hoc
208 2927 421 2975 bonitate.
488 2930 603 2974 Nam
649 2945 747 2972 eum
798 2925 858 2969 illi
908 2923 1181 2983 antiquiores
1229 2919 1345 2964 haud
1398 2920 1548 2980 paneis
1596 2917 1703 2962 locis
1755 2914 1894 2960 mutili

1548 3000 1573 3026 v
