2174 3267
243 89 332 126 220

243 209 325 232 cum
360 192 580 231 mortalibus
617 193 784 230 morbum
823 193 871 230 ln
902 195 989 230 vino
1018 208 1110 240 esse,

245 264 309 300 ubi
337 264 406 315 qui
441 262 615 298 invitavit
651 262 839 316 dapsilitas
877 276 930 299 se.
987 263 1111 302 Varro

247 340 291 368 30
310 331 548 381 Sesqmlixe:
580 331 701 382 ipsum
721 332 816 367 audi
838 331 937 368 Vino
955 334 1115 370 invitari

239 400 384 448 poculis
411 400 520 449 larqc
549 406 665 453 atque
691 400 861 450 benique.

295 469 421 506 IUXTA
451 473 511 505 est
538 482 735 519 proxume.
780 470 888 521 virg.
919 470 1016 506 Aen.
1044 469 1112 506 lib.

243 551 323 574 1111:
351 538 501 574 lnunilis
521 538 623 574 volat
651 551 821 592 aequora
847 540 969 576 iuxta.
998 539 1113 576 quta

246 611 305 643 est
320 606 566 643 coniunctim.
595 607 721 644 Varro
737 608 784 644 de
798 608 873 644 vita
886 607 930 644 P.
942 607 989 645 R.
1002 608 1069 644 lib.
1081 623 1111 644 1:

248 672 428 726 (p.522v)
459 688 541 712 cum
563 677 711 712 interea
734 677 774 712 in
796 676 1033 713 lucubrando
1052 676 1114 728 fa-

246 750 347 781 cet-et
362 746 469 781 iuxta
484 745 643 782 ancillas
657 746 801 782 lanam.
832 745 944 782 quta
965 760 1115 783 rursum

248 813 437 850 similiter.
468 814 678 851 Sallustius
702 814 740 850 in
760 813 970 864 Iugurthae
989 814 1115 852 bello:

247 882 403 918 hiemem
417 888 534 935 atque
549 888 729 919 aestatem
745 884 854 919 iuxta
866 885 964 936 pati.
996 884 1116 921 Plau-

249 956 310 988 tus
335 952 586 989 Trinummo:
613 953 796 1005 iuxtaque
819 966 899 989 eam
925 966 1015 990 curo
1034 968 1117 990 cum

248 1034 343 1057 mea.
359 1021 483 1058 Varro
498 1018 871 1073 Papiapal›ae‚5ceoi
886 1018 1093 1071 ἕνκωμίων
1106 1039 1116 1059 .·

250 1090 318 1143 qui
336 1095 460 1141 potest
497 1090 583 1126 laus
610 1091 737 1128 videri
756 1091 895 1128 versa?
936 1106 1018 1129 cum
1042 1106 1118 1128 mo·-

248 1165 310 1195 tus
338 1172 454 1212 saepe
489 1159 643 1207 furaces
672 1173 858 1204 essemus,
897 1174 943 1198 ac
971 1163 1120 1214 nequis-

249 1229 365 1264 simus
398 1228 466 1265 ibis
491 1229 600 1265 iuxta
636 1243 682 1266 ac
704 1228 867 1266 Publius
886 1229 1117 1278 Africanus.

251 1297 413 1334 Plautus
449 1298 674 1336 Aulularia:

257 1374 299 1404 10
330 1368 439 1404 iuxta
465 1382 608 1405 mecum
636 1382 714 1404 rem
743 1374 862 1405 tenes.

719 1299 803 1335 dixi
842 1299 912 1336 tibi
923 1327 934 1342 ‚
974 1305 1097 1336 mater
1107 1314 1120 1343 ,-

303 1437 519 1482 Lvsonms,
544 1437 749 1487 impudens
775 1443 812 1474 et
835 1438 961 1474 audax
981 1437 1123 1474 dieitur

251 1507 544 1543 consuetudine.
574 1506 630 1543 M.
655 1506 812 1543 Tullius
843 1507 892 1543 ad
916 1508 1123 1544 Caesarem

250 1575 439 1612 iuniorem
465 1575 533 1613 lib.
554 1588 603 1611 11:
633 1575 812 1618 insolens,
833 1589 1040 1626 aimoynus,
1067 1577 1122 1612 ia-

251 1650 375 1682 ctans.
422 1645 533 1682 Idem
583 1644 631 1681 de
666 1644 896 1681 Senectute:
935 1658 983 1681 ne
1022 1650 1124 1682 certe

250 1714 474 1758 verendum,
495 1728 542 1750 ne
561 1727 655 1751 vera
675 1715 910 1766 praedicans
935 1715 983 1751 de
1005 1726 1045 1750 se
1065 1716 1122 1751 ni-

250 1785 319 1820 mis
353 1784 506 1820 videtur
547 1789 616 1820 aut
657 1783 822 1820 insolens
855 1790 923 1820 aut
966 1783 1120 1837 loquax.

251 1853 429 1891 Insolens
452 1866 605 1889 rursum
633 1866 710 1889 non
737 1853 882 1890 solens.
912 1852 1123 1890 Terentius

250 1923 290 1959 in
314 1922 484 1960 Andria:
513 1922 609 1976 quid
636 1927 678 1959 tu
715 1922 893 1959 Athenas
926 1922 1122 1959 insolens?

250 1992 444 2030 Pacuvius
464 1991 692 2029 Athalanta:
725 2005 824 2045 qnae
843 1992 1044 2042 aegritudo
1065 1993 1122 2029 in-

249 2086 357 2116 multa
382 2097 466 2128 quae
489 2084 590 2125 ang.
615 2084 685 2114 cibo
708 2084 851 2126 vinoque
868 2084 1052 2114 invitarent
1076 2085 1118 2115 B.

250 2141 314 2172 cito
327 2141 412 2171 enim
425 2141 503 2170 bene
516 2141 604 2182 lotzgy.
630 2138 674 2169 A.
684 2137 776 2170 585.
810 2140 874 2169 cito
888 2140 965 2169 bene
981 2140 1065 2170 enim
1081 2140 1119 2170 L.

251 2196 294 2226 B.
310 2197 393 2226 scito
410 2196 526 2225 etenim
546 2195 622 2224 bene
640 2195 726 2237 Ionq.
745 2193 903 2234 churet.
920 2195 1023 2226 Dusa.
1040 2196 1123 2226 scito

250 2252 336 2282 enim
360 2252 436 2281 bene
461 2249 614 2291 chifan.
634 2262 667 2292 p.
686 2249 778 2280 441.
805 2251 873 2280 cibo
892 2261 958 2281 oin.
978 2250 1119 2292 chex-c.

249 2317 284 2341 30
308 2307 417 2349 ipsum
441 2305 559 2336 audivi
584 2318 645 2335 non
660 2306 802 2336 invitari
817 2304 911 2336 G.B.
936 2305 1034 2335 avide
1046 2307 1122 2337 vino

249 2362 397 2393 invitavi
421 2362 513 2403 Lips.
531 2372 581 2402 ep.
600 2372 656 2403 qu.
675 2359 711 2393 4.
729 2360 790 2392 25.
815 2357 872 2395 (de
884 2358 1123 2403 Polyphemo).

252 2417 389 2449 avidum
415 2417 558 2447 invitm-1·
583 2415 721 2458 ejMerc.
748 2417 889 2446 invitati
905 2416 947 2448 Α.
970 2418 1123 2459 proxime

250 2467 460 2517 (pag.522.)
486 2471 529 2502 Α.
558 2470 828 2514 cf.p.414,51.
865 2485 937 2502 cum
964 2473 1123 2504 Lucretia

250 2530 425 2572 chopina.
437 2528 495 2572 qui
506 2534 597 2567 potes
611 2528 889 2570 B.fur11ccsemus
899 2540 938 2559 ac
950 2529 1123 2561 n.L.G.B.

250 2599 327 2617 vera
354 2587 386 2616 in
412 2585 523 2615 noxiis
548 2584 736 2615 Msnaniel.
770 2587 870 2614 vera?
896 2585 1055 2615 innoxius
1079 2583 1122 2619 (s,

249 2637 427 2675 imam-uus)
469 2652 570 2684 aeque
601 2639 735 2682 furacei
777 2646 824 2670 est
861 2652 978 2670 servus
1018 2652 1056 2671 ac
1088 2654 1120 2671 n.

251 2698 335 2729 civis
365 2697 507 2739 cherc.
544 2706 622 2725 veru
657 2706 729 2725 cum
752 2701 859 2725 motus
891 2707 918 2726 s.
946 2696 1062 2738 furati
1094 2709 1120 2727 e.

249 2754 325 2784 ibus
350 2753 450 2783 iuxta
476 2750 569 2783 Guil.
594 2751 636 2781 ad
660 2751 773 2781 Plaut.
798 2750 899 2794 Capt.
922 2751 953 2782 1.
980 2752 1022 2782 de
1036 2752 1120 2783 male

251 2809 424 2840 iudicante
440 2807 566 2851 populo
585 2807 618 2837 in
634 2806 781 2837 theatro.
809 2819 883 2836 ewra
896 2809 910 2836 ἶ)
925 2818 998 2838 cum
1014 2812 1120 2838 motus

888 87 1090 125 NONIUS
1120 87 1449 125 MARCELLUS

1172 195 1294 232 solens
1321 202 1480 232 mentem
1503 195 1714 246 adtemptat
1737 190 1868 230 tuam?
1897 190 2042 240 Turpi-

1176 265 1248 301 lius
1261 264 1484 301 Demetrio:
1514 265 1646 301 timere
1675 263 1831 314 occepit,
1854 260 2045 296 interdum

1173 334 1392 370 oscitarier:
1422 332 1595 384 Ιηερτιιε,
1622 332 1716 385 quid
1733 330 1826 367 mihi
1843 329 1973 366 vellem
1997 335 2043 365 20

1173 415 1219 439 ex
1235 401 1436 438 insolentia
1450 400 1687 437 Nesciebam.
1704 400 1812 437 Idem
1830 397 2045 436 Leucadia:

1174 484 1283 523 quem
1306 470 1392 506 olim
1414 469 1562 512 oderat,
1585 475 1753 506 sectatur
1778 468 1878 505 ultro
1907 480 1953 503 ac
1981 466 2046 503 de-

1174 540 1290 575 tinet.-
1333 538 1405 574 Ille
1441 537 1604 574 insolens
1640 544 1767 575 autem
1804 543 1846 574 ut
1882 536 2048 587 ff'astidia

1176 605 1373 657 carnifex!
1414 606 1556 644 Accius
1582 606 1796 644 Diomede:
1833 608 1890 643 ita
1928 604 2050 656 effletu

1177 682 1213 712 et
1253 675 1417 712 tenebris
1458 675 1667 712 obstinatus
1708 675 1876 722 Speciem
1920 675 2053 711 amissi

1175 744 1328 781 lmninis
1363 744 1593 797 conspicient
1626 744 1878 780 insolentiam.
1919 744 2049 781 Sallu-

1179 814 1275 851 stius
1304 814 1343 849 in
1368 813 1560 850 Catilina:
1600 825 1700 866 quae
1728 813 1881 849 tametsi
1902 815 2050 850 animus

1179 882 1478 935 aspernabatur,
1500 881 1665 919 insolens
1686 882 1874 918 malarum
1889 883 2046 918 artium.

1180 953 1320 990 Cicero
1332 953 1370 988 in
1382 951 1565 989 Oratore:
1575 951 1645 988 sed
1653 951 1862 988 mehercule
1870 953 1976 988 istius
1986 952 2050 988 ‹le-

1177 1022 1389 1076 putationis
1401 1021 1604 1058 insolentia
1626 1027 1743 1074 atque
1763 1034 1896 1057 earam
1909 1033 2052 1065 rerum,

1181 1105 1282 1145 quae
1299 1092 1413 1145 quasi
1430 1092 1471 1128 in
1496 1097 1580 1128 arte
1600 1091 1828 1134 traduntur,
1847 1091 2013 1127 inscitia.

1231 1161 1432 1198 hemum
1466 1165 1524 1197 est
1552 1160 1737 1198 naturalis
1776 1160 1978 1211 sapientia.
2003 1167 2047 1197 30

1182 1230 1391 1267 Sallustius
1415 1223 1453 1266 in
1475 1229 1683 1266 Catilliuae
1706 1229 1830 1266 bello:
1860 1230 2053 1281 ingenium

1181 1313 1290 1336 nemo
1314 1300 1396 1336 sine
1427 1313 1582 1351 corpore
1609 1299 1820 1336 exercebat.
1850 1298 2053 1349 Ingenium

1183 1374 1334 1406 veteres
1358 1369 1539 1405 dixerunt
1570 1373 1609 1405 et
1633 1382 1699 1405 sua
1721 1373 1861 1419 sponte
1895 1367 1955 1404 vel
1988 1381 2052 1404 na-

1183 1443 1281 1475 tura.
1323 1437 1465 1474 Nevius
1497 1438 1701 1489 Lycurgo:
1730 1450 1793 1474 vos
1829 1438 1898 1490 qui
1932 1436 2057 1486 regali

1185 1508 1353 1558 corporis
1384 1507 1576 1544 custodias
1600 1506 1752 1559 Aquis,
1788 1508 1838 1543 ite
1866 1502 1920 1557 (p.
1934 1503 2053 1549 525.)

1185 1582 1354 1613 actutum
1390 1578 1430 1613 in
1461 1575 1700 1627 frundzferos
1739 1577 1864 1618 lucos,
1897 1575 2056 1627 Ingenio

1970 1644 2056 1682 Sal-

1186 1714 1324 1751 lustius
1363 1715 1622 1751 Historiarum
1656 1714 1721 1752 lib.
1751 1728 1814 1751 111:
1844 1715 2057 1766 castrisque

1186 1645 1340 1681 arbusto
1360 1647 1488 1682 vineta
1509 1651 1613 1689 sunt,
1638 1659 1714 1681 non
1734 1645 1917 1682 obstntas.

1187 1784 1345 1827 collatis,
1364 1797 1496 1836 puqna
1526 1789 1653 1820 tcween
1670 1784 1820 1834 inqenio
1838 1784 1911 1820 loci
1925 1783 2056 1834 prohi-

1186 1852 1359 1890 bebatur.
1393 1851 1659 1904 Vi1·g.Georg.
1681 1852 1748 1890 lib.
1762 1866 1808 1889 ιιι
1837 1866 1938 1889 nunc
1955 1854 2057 1890 locus

1186 1936 1364 1959 arvorum
1398 1923 1579 1972 inqeniis:
1614 1935 1713 1976 quae
1741 1921 1879 1958 robora
1906 1922 2054 1976 cecique,

1188 1991 1286 2039 Quis
1314 1992 1428 2028 color.

1184 2096 1210 2114 s.
1239 2083 1383 2114 Fur-aces
1408 2085 1530 2115 ciemus
1553 2091 1653 2128 atque
1678 2098 1708 2116 n.
1730 2086 1756 2117 i.
1782 2086 1880 2116 iuxta
1912 2084 2054 2126 Popma.

1185 2140 1357 2171 videretur·
1389 2140 1462 2173 Cic.
1501 2141 1658 2172 videatur
1687 2143 1747 2173 W.

1187 2196 1315 2238 occoepi
1339 2202 1372 2227 et
1395 2197 1490 2239 Lips.
1516 2209 1571 2240 ep.
1597 2209 1653 2240 qu.
1680 2197 1716 2231 5.
1738 2196 1798 2228 12.

1794 2147 1825 2172 et
1862 2146 1996 2170 tremere
2023 2152 2055 2176 ¹0

1833 2197 1995 2226 nescibam
2021 2207 2055 2230 20

1186 2251 1316 2294 chips.
1342 2253 1403 2283 ins.
1427 2258 1489 2283 aut
1501 2252 1667 2295 fastidiat
1693 2252 1734 2283 Α.
1759 2253 1822 2282 ins.
1833 2264 1900 2282 eam
1915 2253 1998 2294 sust.
2025 2252 2053 2293 cj

1187 2307 1310 2338 Faber.
1334 2308 1384 2338 ita
1405 2308 1489 2350 fletu
1515 2307 1644 2350 chuil.
1674 2307 1704 2340 1.
1720 2306 1783 2338 21.
1808 2307 1920 2338 Bothe
1940 2306 1976 2338 2.
2004 2309 2054 2338 ita

1186 2363 1305 2406 efletu
1337 2361 1430 2395 485.
1456 2365 1503 2395 A.
1541 2361 1634 2394 585.
1675 2364 1723 2393 ι’1α
1754 2368 1785 2392 et
1812 2363 1894 2404 fletu
1923 2370 1952 2393 ct
1990 2370 2054 2394 ten.

1185 2418 1312 2448 obsitus
1322 2418 1571 2459 choth.a1m‘si
1585 2417 1713 2460 chuil.
1729 2429 1767 2448 cx
1782 2418 1845 2449 Ed.
1862 2419 1948 2450 Veii.
1960 2418 2054 2452 485.

1185 2475 1395 2513 constipatus
1418 2487 1467 2518 sp.
1493 2475 1591 2505 amisi
1614 2475 1639 2505 l.
1663 2475 1888 2515 conspiciendi
1911 2476 2054 2507 insolen-

1186 2531 1234 2560 tin
1271 2530 1384 2562 Bothe
1418 2531 1453 2562 2.
1500 2530 1743 2572 disputationis
1772 2531 1804 2561 b.
1845 2532 1978 2575 ingenio
2011 2532 2054 2563 Β.

1189 2587 1300 2629 regar-i
1325 2587 1367 2618 B.
1417 2587 1543 2629 reflalis
1582 2586 1684 2617 editt.
1711 2586 1799 2617 Scal.
1825 2586 1934 2619 Turn.
1959 2586 2054 2620 485.

1186 2642 1328 2684 agitatis
1353 2641 1397 2673 G.
1433 2641 1630 2683 probnoth.
1661 2642 1867 2686 frondislnos
1890 2639 2055 2685 (p.59.5.)

1187 2697 1346 2727 msPalat.
1367 2695 1458 2728 485.
1488 2697 1627 2727 arbusta
1656 2698 1712 2728 ubi
1738 2704 1819 2728 nata
1846 2705 1926 2729 sunt
1958 2700 2054 2731 Scal.

1187 2751 1299 2783 Gebh.
1332 2765 1364 2795 p.
1393 2751 1456 2783 46.
1494 2753 1688 2795 promlerc.
1723 2754 1848 2786 Bothe.
1885 2755 2053 2786 Reuvens.

1184 2808 1305 2849 assitis.
1343 2808 1410 2841 ite.
1449 2809 1494 2838 ite
1527 2821 1558 2839 a.
1600 2809 1730 2842 Diintz.
1768 2811 1878 2842 lucos.
1918 2811 1974 2841 ubi
2005 2811 2053 2840 in-
