2174 3267
210 173 250 199 u*

209 292 251 336 p.
283 268 403 317 555.
469 269 586 314 Nam
633 265 703 310 vel
747 264 907 309 leviter
951 264 1067 308 hanc
1116 264 1412 325 quaestionem
1455 265 1746 326 tangentibus
1781 267 1942 310 mirum
1979 267 2040 309 vi-

209 355 391 410 deatur,
427 347 578 414 quod,
626 347 747 391 exitu
795 344 1002 390 adiectivi
1048 351 1246 401 mutato,
1300 344 1737 407 Tiburte‘een.s-isp1·0
1782 346 2043 392 Tiburtinus

208 436 423 496 scriptum
458 431 530 486 siu
566 435 611 473 ct
644 428 689 470 in
727 432 794 470 tot
828 427 1101 487 scriptorum
1129 423 1256 482 locis⁷
1293 424 1368 469 ubi
1394 424 1581 470 Tiburis
1600 429 1790 490 agrique
1812 428 2043 473 Tiburtini

206 517 374 561 mentio
413 512 518 568 fiat,
567 518 717 555 tamen
754 524 976 570 nusquam
1015 525 1130 552 nova
1176 506 1272 551 haec
1308 509 1565 554 terminatio
1600 508 1791 572 legatur.
1862 509 1958 554 Sed
1993 526 2042 552 rc

207 596 458 643 accuratius
492 593 745 639 examinata
781 589 889 633 satis
926 595 1121 646 constat,
1184 588 1503 634 Tibur-licensis
1538 606 1685 652 neque
1720 592 2043 647 unicam.,'·ne-

207 698 296 744 que
332 679 604 740 optimorum
640 672 860 718 librorum
899 688 998 716 esse
1033 673 1316 732 scripturam.
1384 671 1501 715 Nam
1550 673 1593 715 in
1641 670 1796 716 codice
1833 671 2044 718 Guelfer-

206 761 378 824 bytano
406 754 532 819 (XV.)
570 775 594 803 a
631 773 766 802 manu
800 756 945 818 prima
984 754 1317 800 Dzburticensis
1350 756 1568 816 scriptum
1602 763 1686 812 est,
1722 755 1846 818 quod
1873 774 1929 800 m.
1956 772 2044 800 sec.

207 844 251 887 in
295 840 634 887 Dabarcicensis
666 837 871 892 mutavit7
908 842 953 880 et
987 836 1031 878 in
1068 834 1240 891 codice,
1277 835 1353 897 qui
1389 834 1494 879 olim
1530 835 1659 880 Petri
1678 836 1902 893 Danielis,
1939 856 2042 881 mox

209 925 447 982 salmasii,
483 922 680 984 denique
716 921 775 965 Is.
810 918 968 965 Vossii
1001 918 1115 975 suit⁷
1161 918 1240 962 cfr.
1269 917 1415 964 Catal.
1457 917 1577 962 Bibl.
1613 918 1744 963 Leid.
1790 918 1858 964 ed.
1892 917 2045 964 1716.

207 1028 250 1072 p.
279 1005 399 1052 565.
475 1002 820 1066 Ήιὸιιν9ἰ66115ἰ3
853 1000 1044 1063 legitur3
1081 998 1276 1061 denique
1314 1000 1358 1042 in
1394 998 1491 1043 aliis
1525 998 1650 1043 libris
1692 999 2041 1046 leiburticensz's

212 1095 445 1136 exaratum
479 1092 560 1131 est.
630 1083 746 1142 Quae
783 1081 965 1144 quidem
999 1079 1206 1126 lectionis
1242 1081 1438 1124 varietas
1474 1081 1534 1123 ita
1569 1087 1637 1124 est
1672 1089 1961 1141 comparata,
1997 1088 2045 1125 ut

210 1171 268 1217 ad
305 1170 454 1216 omnia
488 1166 574 1209 alia
609 1161 783 1208 facilius
821 1180 956 1225 quam
993 1160 1050 1206 ad
1084 1160 1233 1206 Tibur
1256 1160 1462 1206 Italicum
1492 1162 1730 1205 referatur.
1799 1160 2046 1224 laquuae-

210 1250 430 1302 rentibus,
468 1247 593 1291 cuius
629 1244 784 1308 oppidi
822 1261 986 1289 nomen
1022 1242 1080 1287 ad
1113 1241 1202 1287 hoc
1235 1240 1507 1287 vocabulum
1541 1241 1817 1304 gentilicium
1842 1244 2047 1305 proxime

210 1328 414 1386 accedat,
450 1326 693 1372 admodum
730 1323 867 1370 credo
901 1322 1141 1386 probabile
1176 1321 1419 1379 videbitur,
1455 1323 1549 1366 eius
1585 1323 1790 1367 adici-tivi
1826 1325 2048 1385 originem

208 1412 266 1458 ab
306 1410 477 1474 oppido
520 1408 794 1454 Tuben-sicca
831 1423 930 1452 csse
966 1404 1288 1468 repetendam,
1330 1404 1453 1467 quod
1486 1408 1775 1468 municipium
1812 1408 1855 1450 in
1890 1406 2050 1450 Africa

207 1497 340 1541 situm
372 1493 569 1539 Sanctus
602 1491 890 1553 Augustinus
925 1489 1090 1550 saepius
1117 1495 1454 1532 commemorat.
1523 1486 1618 1532 Sed
1643 1488 1749 1533 fecit
1772 1487 1889 1531 haud
1915 1486 2050 1531 dubie

209 1577 265 1623 ad
300 1576 416 1622 illius
452 1573 663 1620 vocabuli
699 1574 921 1635 originem
956 1569 1316 1627 obscurandam,
1361 1577 1406 1614 et
1441 1569 1566 1632 quod
1608 1568 1777 1613 librarii
1822 1567 2050 1613 scribendi

209 1661 429 1705 rationem
465 1656 522 1702 ad
559 1656 748 1701 notioris
783 1652 908 1697 urbis
945 1670 1111 1697 nomen
1148 1649 1524 1708 conformabant‚
1567 1657 1612 1695 et
1646 1649 1770 1712 quod
1805 1649 1936 1711 plura
1971 1667 2049 1710 op-

209 1741 314 1805 pida
349 1739 548 1786 eiusdem
583 1739 679 1784 fere
715 1738 907 1782 nominis
943 1743 988 1781 et
1024 1736 1179 1797 paucis
1215 1740 1388 1779 tantum
1426 1732 1586 1778 litteris
1621 1731 1797 1775 divorsa
1822 1733 1865 1775 in
1888 1730 2049 1775 Africa

208 1826 292 1868 sita
326 1823 523 1867 fuerunt.
588 1820 705 1865 Nam
740 1825 906 1882 praeter
944 1817 1287 1874 Θουβουρσίκκα,
1313 1815 1437 1859 cuius
1472 1816 1583 1858 situs
1603 1813 1723 1875 apud
1747 1811 2048 1858 Ptolemaeum

210 1905 313 1952 edit.
358 1902 499 1949 Basil.
544 1901 745 1947 Froben.
784 1897 937 1944 1555.
971 1894 1043 1942 40
1076 1914 1118 1958 p.
1154 1893 1274 1940 245.
1307 1889 1398 1938 κᾚ.
1420 1891 1482 1940 λοὲ.
1512 1895 1558 1952 γ’.
1589 1894 1828 1952 definitur,
1875 1892 2052 1938 colonia

210 1988 420 2032 Romana
456 1984 541 2028 fuit
577 1981 881 2038 Θουβουρνίκα,
912 1977 1130 2041 oppidum
1163 1976 1511 2029 Diburm'cense,
1550 1974 1670 2036 apud
1693 1974 1891 2018 Plinium
1917 1975 1973 2019 Ν.
1990 1975 2049 2018 H.

211 2068 270 2114 V.
304 2065 351 2112 4.
401 2065 525 2128 quod
541 2067 705 2138 ‘ipsum
757 2062 982 2108 diversum
1030 2061 1114 2104 fuit
1148 2059 1206 2103 ab
1244 2058 1415 2121 oppido
1457 2058 1763 2103 Tuburbitano
1797 2060 1966 2102 maiore
2001 2064 2045 2102 et

212 2149 403 2204 minore‚
437 2163 536 2208 quae
572 2147 615 2189 in
653 2144 895 2191 collatione
932 2142 1277 2186 Donatistarum
1317 2141 1411 2184 sive
1448 2138 1755 2201 Carthaginis,
1794 2156 1929 2201 quam
1963 2139 2051 2199 pri-

214 2246 311 2275 mus
357 2227 564 2273 Pithoeus
600 2225 738 2272 edidit
784 2242 826 2287 p.
862 2221 964 2268 ‘147
1004 2229 1114 2283 etp.
1138 2219 1257 2265 207.
1289 2229 1714 2266 commemorantur.
1780 2219 1908 2264 Inde:
1925 2225 2050 2281 patet

215 2316 412 2372 quatuor
466 2307 636 2370 oppida
685 2306 909 2351 numerari
961 2305 1079 2348 inter
1130 2319 1179 2347 se
1214 2300 1408 2359 diversa,
1464 2300 1785 2359 Tubursicum,
1836 2299 2052 2362 oppidum

223 2391 569 2446 Tuben-nicaense,
606 2388 851 2434 Tuburbin
886 2388 1105 2432 maiorem
1131 2393 1175 2431 et
1196 2386 1439 2441 minorem
1469 2383 1550 2429 sed
1575 2384 1721 2445 ipsum
1744 2382 2052 2427 Tubursicum

217 2473 383 2536 duplex
418 2474 512 2517 fuit.
581 2473 791 2518 Alterum
838 2472 956 2518 enim
988 2470 1120 2515 Bure
1166 2468 1543 2531 cognominatur,
1589 2473 1637 2509 ut
1682 2464 1835 2510 videre
1881 2470 1949 2508 est
1997 2480 2052 2506 cx

217 2556 523 2616 inscriptione‚
559 2572 694 2618 quam
730 2555 900 2616 primus
935 2550 1143 2597 Shawius
1178 2548 1285 2593 Vol.
1308 2549 1343 2592 I.
1381 2566 1423 2609 p.
1450 2545 1568 2591 220.
1604 2545 1772 2608 publici
1807 2546 1913 2588 iuris
1947 2544 2054 2589 sccit

217 2643 262 2681 et
296 2644 456 2698 postea
490 2636 703 2682 Maffeius
740 2642 785 2679 et
818 2634 1030 2678 Donatus
1076 2630 1382 2685 illustrarunt,
1429 2627 1549 2690 apud
1586 2625 1808 2673 Orellium
1842 2625 2052 2685 Inscript.

218 2717 341 2762 Latt.
377 2715 488 2762 Νη).
524 2714 680 2761 5691.

217 2798 394 2844 VRBI.
429 2797 659 2843 ROMA—E.
696 2794 1028 2840 --ETERN;E.
1069 2791 1223 2838 AVG.
1259 2790 1448 2835 RESP.
1495 2788 1823 2834 MVNICIPL
1861 2784 2054 2831 SEVE-

217 2880 406 2927 RIANI
441 2877 890 2926 ANTONINIANI
925 2875 1155 2922 LIBER!
1193 2868 1824 2918 TIHBYRSICENSWM
1856 2865 2052 2911 RVRR
