2174 3267
354 201 454 239 1111.
509 200 584 238 DE
612 199 789 238 VARIA
819 196 1290 237 SIGNIFOEA'HONE
1319 193 1648 234 SERMONUM.

75 307 269 346 iuniorem
291 306 360 344 lib.
379 320 430 343 ιιι
458 320 544 344 cum
560 310 726 350 constat,
749 304 959 344 Gaesarem
980 291 989 302 ⁹

76 376 265 429 Lupercis
287 377 329 414 id
349 375 516 427 vectigal
540 375 711 412 dedisset
741 377 811 429 qui
831 380 960 413 autem

72 452 231 499 poterat
254 446 297 483 id
322 444 537 482 constare?
570 445 624 482 Et
645 445 959 482 Tusculanarum

76 516 144 553 lib.
175 530 211 553 1:
242 515 321 553 sive
355 515 460 569 quod
487 528 512 551 a
538 514 785 567 gravioribus
814 515 960 552 leviora

75 591 222 622 natura
248 585 504 638 repellantur.
553 597 656 638 quae
684 598 770 621 cum
796 589 957 621 constet.

129 655 412 692 CONSTlTUERE
435 658 493 691 est
520 667 763 704 proponere,
783 653 960 691 definire.

80 731 124 762 10
155 725 267 775 Virg.
300 726 400 762 Aen.
420 724 537 760 lib.1:
566 723 800 766 hominesne,
829 722 958 774 ferae-

74 807 149 838 ne,
187 792 391 840 Quaerere
424 793 638 829 constituit.
688 792 960 837 Constituere.

342 862 400 899 M.
433 862 595 899 Tullius
638 862 688 899 de
722 862 959 899 Senectute:

74 933 321 970 constitiones
356 932 466 969 modo
503 932 712 975 delectant,
747 932 818 968 sed
846 933 961 968 etiam

74 863 296 900 instituere.

74 1003 351 1040 institutiones.
404 1002 684 1047 Constituere,
714 1015 866 1053 parare.
903 1001 960 1038 M.

75 1072 234 1110 Tullius
273 1073 313 1108 in
352 1072 518 1108 Verrem
566 1071 721 1108 actione
762 1086 811 1107 ll:
859 1071 964 1125 quod

74 1141 141 1178 ubi
189 1146 276 1178 erat
317 1141 520 1178 Filodamo
571 1141 820 1184 ntintiatum,
865 1146 962 1177 tam-

76 1211 149 1246 etsi
169 1215 257 1247 erat
277 1211 454 1262 iquarus,
472 1214 662 1262 qecantum
674 1209 748 1246 sibi
764 1222 812 1247 ac
832 1209 962 1246 liberis

74 1280 156 1316 suis
183 1281 260 1316 iam
288 1285 369 1315 tzcm
395 1279 492 1315 mali
510 1280 823 1316 constitueretur.
855 1278 962 1316 Con-

75 1349 254 1393 stituere,
285 1349 454 1398 erigere.
484 1347 597 1398 Virg.
623 1348 691 1384 lib.
708 1362 770 1385 vl:
799 1354 835 1385 et
853 1347 962 1399 fera-

73 1420 120 1456 lis
148 1425 240 1455 ante
267 1431 466 1470 cupressos
497 1418 761 1455 Constituunt.

128 1489 390 1533 COLLmEnE,
416 1490 458 1526 in
483 1504 600 1526 unum
626 1489 822 1539 redigere.
850 1487 962 1537 Virg.

78 1566 124 1596 20
166 1558 267 1595 Aen.
301 1558 368 1596 lib.
402 1573 464 1596 vl:
503 1560 681 1610 colliqere
709 1571 824 1595 arma
861 1556 964 1593 iubet

74 1628 291 1681 validisque
316 1628 534 1665 incumbere
563 1630 694 1665 retnis.
726 1628 782 1665 M.
801 1627 962 1664 Tullius

75 1698 115 1734 iu
146 1698 357 1748 Filippieis
394 1698 461 1735 lib.
485 1712 544 1735 v1:
573 1697 881 1735 succurrendum
909 1701 964 1733 est

76 1768 138 1804 De
160 1767 304 1811 Bruto,
321 1780 450 1804 omnes
478 1768 652 1821 undique
681 1779 838 1819 coepere
863 1766 965 1802 colli-

73 1850 181 1888 qerc.
214 1836 430 1887 Colligere,
452 1837 629 1874 reficere.
654 1836 796 1873 Cicero
811 1835 852 1872 in
865 1835 966 1872 Ver-

76 1921 159 1945 rem
188 1908 344 1944 actione
381 1921 447 1944 111:
487 1908 557 1944 sed
606 1906 813 1953 nictnif‘esto
857 1906 966 1957 furto

74 1976 349 2026 perturbatus,
385 1976 451 2013 ubi
473 1989 515 2013 se
542 1977 705 2027 colle-(sit.
746 1976 966 2026 Colligere,

78 2046 223 2090 colare,
252 2046 510 2096 supprimere.
542 2045 652 2097 Virga
679 2045 747 2082 lib.
771 2058 851 2082 xn:
880 2044 966 2081 sub-

77 2115 177 2151 stitit
195 2116 354 2152 Aeneas
379 2119 416 2151 et
434 2127 474 2151 se
500 2115 650 2166 colleye't
669 2115 712 2151 in
734 2127 863 2158 arma,
884 2113 964 2150 Po-

75 2184 170 2236 plite
195 2184 412 2221 subsidens.
444 2183 664 2234 Colligere,
690 2185 857 2221 auferre.
886 2183 965 2221 Lu-

79 2326 233 2351 constare
253 2320 375 2351 dicunt
399 2321 443 2351 A.
471 2320 577 2351 Dusa.
604 2319 637 2350 J.
684 2317 779 2350 Caes.
804 2319 876 2349 iun.
902 2318 964 2349 cfr.

81 2376 216 2407 Victor.
239 2377 320 2408 Var.
345 2378 445 2409 Lect.
475 2375 537 2412 14,
558 2376 592 2407 1.
617 2388 689 2406 cum
712 2380 839 2406 cmm-:rt
866 2374 963 2406 GL.

82 2433 127 2463 B.
146 2433 193 2463 A.
227 2434 287 2476 qui
311 2439 389 2463 ante
412 2434 460 2464 A.
486 2432 547 2463 Or.
580 2444 654 2462 cum
679 2436 829 2462 constent
855 2430 898 2461 G.
926 2431 965 2461 L.

81 2488 200 2519 Klotz.
240 2500 326 2533 quate
361 2494 513 2520 constent
549 2488 593 2519 A.
627 2489 692 2519 cfr.
721 2500 755 2530 p.
780 2486 873 2523 258,
902 2486 964 2518 16.

82 2546 283 2576 constituere
307 2549 385 2588 post
403 2544 496 2581 261,
515 2544 578 2576 55.
596 2543 641 2575 Α.
668 2550 771 2575 const.
786 2549 968 2587 estponcre

87 2611 119 2634 10
136 2602 176 2632 B.
201 2603 402 2633 consitiones
415 2626 422 2633 .
437 2626 445 2634 .
456 2602 635 2632 insitiones
649 2600 722 2632 Cic.
737 2601 856 2631 Klotz.
882 2599 971 2643 quod

84 2657 203 2687 ubiest
221 2657 284 2688 Ph.
309 2658 372 2688 Kl.
397 2658 550 2689 aliberis
562 2659 611 2689 A.
638 2658 862 2688 constituunt.
887 2655 971 2687 Con-

84 2723 119 2746 20
143 2712 277 2743 tendere
301 2712 404 2750 258,
433 2712 493 2744 18.
530 2713 575 2744 A.
616 2714 732 2755 copiae
758 2710 970 2755 collifjcndae

84 2769 174 2798 Edd.
200 2768 245 2798 D.
269 2768 377 2800 Bruto
403 2769 545 2811 cherc.
571 2769 666 2810 ng.
685 2768 751 2800 Οι·.
777 2768 921 2799 clamore
937 2772 970 2797 et

80 2824 178 2867 furto
200 2824 381 2867 manifesto
403 2825 549 2869 qranrlis
563 2826 727 2868 pecuniae
743 2824 967 2868 perturbatus

83 2887 145 2912 est.
176 2880 242 2910 Ubi
263 2892 296 2910 sc
321 2881 400 2912 coll.
427 2881 488 2912 Or.
522 2882 596 2911 ruis
621 2881 702 2912 haec
725 2886 757 2911 et
783 2881 828 2911 A.
855 2882 964 2911 Dusa.

85 2936 130 2967 cf.
156 2948 188 2978 p.
207 2934 300 2971 580,
321 2935 357 2966 7.
382 2937 488 2968 Ruiss
512 2943 542 2968 ct
567 2937 626 2969 hoc
650 2939 786 2981 collinis
810 2938 841 2969 b.
864 2938 965 2979 plau-

1818 193 1902 231 ¹8⁷

1027 305 1139 343 cilius
1160 305 1228 342 lib.
1243 318 1345 341 xxx:
1374 305 1456 340 ruis
1471 304 1555 348 hoc,
1570 309 1608 340 et
1622 302 1764 352 colligis
1781 302 1909 339 omnia

1025 375 1175 426 furtim.
1208 374 1371 411 Plautus
1396 374 1436 411 in
1457 373 1681 410 Aulularia:
1710 372 1806 427 quin
1829 373 1910 423 ipse

1024 445 1176 498 pridem
1195 450 1328 481 tonsor
1349 444 1487 494 unquis
1507 443 1727 494 dempserat
1739 457 1754 487 ‚-
1787 440 1910 479 Colle-

1025 515 1105 566 qu,
1133 514 1262 550 onmia
1290 513 1449 549 abstulit
1472 513 1758 563 praeseqmina.
1862 519 1908 549 30

1084 584 1317 622 comm-ms
1338 587 1398 619 est
1421 582 1636 627 abstinens.
1658 582 1826 632 integer.
1855 581 1911 619 M.

1030 653 1190 690 Tullius
1211 653 1261 689 ad
1283 652 1339 689 M.
1356 653 1569 691 Catonem:
1599 657 1657 696 ut,
1674 665 1775 705 quae
1795 652 1913 705 copiis

1029 728 1067 761 et
1087 722 1220 776 opibus
1247 721 1357 769 ferre
1381 723 1446 759 vix
1476 733 1700 775 possumus,
1731 734 1778 758 ea
1803 733 1913 758 man-

1028 792 1234 830 suetudine
1250 797 1287 829 et
1308 792 1546 829 continentia
1560 796 1711 835 nostra,
1728 792 1916 828 sociorum

1026 861 1218 912 fidelitate
1238 867 1451 899 teneamur.
1475 861 1711 906 Continens,
1725 856 1782 911 (p.
1795 856 1914 904 274.)

1029 932 1305 977 coniunctum,
1331 931 1569 969 continuum.
1612 931 1668 968 Μ.
1690 930 1851 967 Tullius
1875 929 1916 966 in

1030 1001 1215 1053 Epistola
1236 1001 1286 1038 ad
1301 1001 1512 1038 Senatum:
1542 1001 1675 1053 itaque
1701 1014 1785 1036 cum
1807 1012 1916 1036 exer-

1031 1074 1110 1109 citu
1133 1085 1207 1124 per
1224 1071 1495 1124 Cappadociae
1513 1076 1666 1124 partem
1690 1083 1774 1107 eam
1785 1097 1797 1114 ‚
1815 1082 1917 1124 quae

1032 1155 1116 1179 cum
1135 1141 1271 1179 Cilicia
1293 1141 1493 1178 continens
1518 1146 1596 1186 est,
1624 1141 1699 1177 iter
1723 1139 1818 1191 faci.
1863 1138 1918 1176 Et

1031 1211 1071 1247 in
1081 1211 1320 1248 Hortensio:
1350 1223 1400 1247 ne
1414 1212 1453 1247 in
1469 1209 1748 1247 continentibus
1764 1209 1918 1262 quidem

1031 1280 1151 1317 terris
1173 1285 1343 1316 vestrum
1371 1293 1507 1316 nomeu
1535 1279 1701 1316 dilatari
1721 1284 1861 1329 potest.

1085 1349 1284 1387 CURATUM
1317 1353 1376 1386 est
1404 1353 1548 1386 natum.
1590 1349 1799 1390 Curatum,
1826 1351 1920 1398 post

1032 1419 1209 1457 laborem
1236 1419 1439 1455 resectum.
1467 1418 1598 1469 Virg.:
1623 1430 1785 1470 corpora
1803 1429 1918 1454 cura-

1032 1502 1137 1533 mus,
1158 1486 1279 1535 fessos
1306 1502 1419 1540 sopor
1444 1488 1587 1539 irrigat
1610 1493 1736 1524 artus.
1768 1486 1846 1524 Cu-
1872 1493 1916 1525 10

1033 1564 1173 1604 ratum,
1195 1573 1283 1596 cum
1297 1558 1456 1595 delectu
1471 1561 1712 1609 apparatum.
1741 1556 1919 1594 Lucilius

1032 1628 1101 1666 lib.
1134 1642 1239 1665 xxx:
1298 1634 1335 1665 et
1377 1628 1687 1665 circumvolitant
1725 1626 1920 1676 sicetulae,

1031 1698 1162 1741 turdi,
1189 1699 1339 1735 curatis
1365 1699 1455 1735 soci.

1089 1768 1359 1811 CoNnUCEnE‚
1383 1781 1524 1804 emere.
1551 1767 1718 1805 Plautus
1734 1767 1774 1803 in
1794 1766 1919 1805 Aulu-

1032 1837 1153 1873 laria:
1210 1835 1423 1873 cedendum
1469 1837 1639 1873 conduxi
1682 1849 1749 1887 eqo
1797 1835 1916 1873 illum.

1036 1905 1272 1943 Condncere
1299 1910 1373 1951 est,
1401 1906 1516 1943 sicuti
1536 1919 1620 1943 usu.
1649 1905 1826 1943 Lucilius
1849 1906 1918 1943 lib.

1033 1988 1201 2012 xxvnn:
1244 1989 1383 2027 magno
1419 1990 1497 2012 non
1540 1989 1684 2028 maqna
1731 1976 1920 2021 mercede,

1032 2058 1171 2097 maqno
1198 2046 1303 2099 quod
1325 2045 1570 2082 conduxeris.
1613 2045 1668 2083 M.
1690 2045 1849 2082 Tullius
1870 2046 1920 2083 de

1033 2114 1186 2151 Officiis
1224 2115 1294 2152 lib.
1322 2129 1366 2152 11:
1409 2120 1452 2152 ut
1476 2127 1592 2166 saepe
1626 2116 1667 2151 in
1705 2120 1842 2152 nostra
1875 2129 1919 2152 re

1029 2183 1185 2234 publica
1199 2185 1386 2228 videmus,
1401 2185 1576 2222 mercede
1591 2185 1783 2222 conducti.
1814 2185 1920 2224 Con-

1031 2324 1088 2349 tnr
1112 2319 1224 2349 omnia
1248 2320 1283 2349 in
1309 2320 1488 2351 attluiariu
1513 2320 1576 2350 W.
1606 2320 1649 2351 cf.
1675 2332 1710 2362 p.
1740 2319 1830 2358 151,
1854 2318 1920 2352 52.

1032 2380 1181 2405 catonem
1206 2376 1369 2406 cntionem
1393 2382 1432 2406 ut
1456 2388 1541 2420 quae
1564 2377 1631 2407 Ἦν.
1666 2382 1776 2408 tenere
1798 2377 1861 2407 vix
1884 2387 1921 2412 30

1031 2430 1128 2472 ng.
1140 2431 1203 2462 Or.
1231 2438 1408 2463 runcantur
1419 2434 1503 2465 Mss.
1515 2434 1621 2465 Merc.
1641 2433 1702 2463 W.
1715 2429 1921 2476 (pag.274.)

1033 2494 1206 2519 teneamur
1228 2487 1276 2520 G.
1294 2489 1332 2520 L.
1359 2493 1529 2520 teneamus
1547 2489 1624 2521 Cic.
1648 2489 1710 2521 Οι·.
1723 2490 1816 2531 ng.
1835 2489 1920 2532 prob

1034 2544 1140 2575 Merc-
1165 2546 1352 2576 exercitum
1378 2545 1446 2578 W.
1466 2546 1504 2577 L.
1525 2546 1670 2588 faceret,
1696 2546 1790 2576 Idem
1814 2547 1850 2576 in
1873 2546 1919 2578 A.

1036 2612 1076 2630 nc
1101 2611 1166 2631 om.
1190 2601 1236 2632 A.
1272 2606 1320 2631 est
1346 2608 1506 2633 sanatum
1529 2603 1671 2645 cjllIerc.
1704 2603 1920 2633 aestimatum

1037 2656 1106 2698 ch.
1129 2654 1294 2698 ficedulae
1308 2655 1404 2689 485.
1421 2659 1589 2690 A.Dusa.
1615 2658 1709 2690 tardi
1722 2658 1766 2690 A.
1793 2659 1860 2690 coci
1889 2669 1921 2694 10

1037 2712 1074 2742 L.
1102 2712 1148 2743 G.
1176 2712 1222 2743 Α.
1247 2713 1281 2744 J.
1309 2712 1402 2745 585.
1427 2716 1540 2746 curati
1564 2728 1598 2746 se
1622 2712 1660 2751 (i.
1678 2727 1705 2747 c.
1725 2712 1811 2748 sine)
1836 2716 1922 2747 cocis

1036 2768 1180 2810 chalm.
1207 2781 1240 2811 p.
1264 2767 1354 2802 164.
1395 2777 1536 2802 curatus
1560 2772 1629 2803 coci
1654 2772 1764 2804 Dusa.
1808 2771 1922 2803 turdis

1034 2826 1166 2855 curatis
1190 2826 1260 2856 coci
1283 2825 1318 2857 b.
1354 2833 1476 2858 curata
1502 2829 1571 2859 coci
1605 2827 1772 2871 cjAEDusa.
1820 2829 1921 2859 sociis

1034 2881 1100 2923 ch.
1127 2882 1240 2912 curati
1259 2882 1350 2924 focis
1373 2882 1572 2926 cherlach.
1597 2884 1799 2915 caedendum
1824 2885 1920 2915 Edd.

1034 2938 1078 2968 cf.
1094 2937 1186 2973 272,
1199 2936 1234 2968 ss.
1262 2950 1382 2982 maquo
1395 2945 1427 2970 et
1439 2952 1504 2971 non
1518 2940 1623 2971 Dusa.
1649 2952 1770 2984 rna-qno
1788 2940 1919 2984 quidem
