2174 3267
264 121 352 159 26ss

263 230 334 267 ciis
374 228 439 264 lib.
473 240 533 263 111:
577 225 707 276 facere
741 225 953 277 promissa,
997 231 1129 261 astare

263 297 466 337 conventis,
487 295 650 332 reddere
674 295 862 348 deposita.
904 294 1018 331 Stare
1032 321 1041 338 ,
1067 307 1129 330 va-

263 368 344 403 lere
368 370 406 402 et
430 369 610 402 constare
640 370 680 401 et
706 364 823 401 fixum
855 377 953 400 esse.
1005 363 1129 400 Varro

265 443 310 473 30
334 434 601 479 Flaxtahulis,
628 429 726 485 περὶ
753 428 983 486 ἑπαρχιῶιέ
1011 437 1132 485 atque

259 507 296 542 si
304 505 462 548 addam,
476 510 625 558 quanta
639 503 902 541 misericordia
922 515 1005 539 mea
1023 502 1131 538 here-

259 574 371 612 dibus
397 574 489 610 meis
508 579 598 618 stet,
620 573 725 627 quod
742 575 896 611 miseros
915 571 1132 609 sublevave-

259 644 347 680 rim.
377 643 488 693 Virg.
512 643 577 680 lib.
604 657 650 679 x:
678 647 758 680 stat
780 655 852 679 sua
871 642 1009 695 cuique
1034 640 1128 677 dies.

259 713 312 751 Et
338 713 405 750 lib.
430 727 473 749 11:
504 718 584 750 stat
616 725 727 749 casus
766 724 954 748 renovare
986 722 1128 746 omnes.

259 780 444 835 (p.592.)
471 782 561 820 Stat
587 782 700 819 etiam
728 781 885 832 plenum
909 784 979 817 est.
1016 778 1132 816 Luci-

259 853 335 889 lius
366 852 594 904 Satyrarum
615 851 681 888 lib.
709 864 751 887 v:
781 851 931 886 interea
950 855 1028 886 stat
1047 862 1132 886 36η-

259 921 357 959 tibus
372 927 520 973 pectus.
551 921 713 971 Vix-guin
726 919 944 957 Bucolicis:
974 924 1081 956 stant
1097 924 1133 955 et

258 991 440 1044 iuniperi,
470 996 505 1027 e!
539 996 745 1027 castaneae
775 990 962 1026 hirsutae.
1002 989 1132 1026 Varro

259 1060 561 1099 Eumenidihus:
598 1060 763 1113 denique
804 1059 890 1112 quis
923 1071 1042 1094 sanus
1077 1063 1134 1094 est

220 1120 222 1122 Ι
259 1130 431 1168 avarus?
461 1131 525 1166 cui
541 1131 578 1166 si
596 1135 671 1166 stet
692 1135 800 1167 terra
821 1129 861 1165 id
885 1128 1053 1165 traditus
1072 1141 1132 1164 or-

259 1200 335 1244 bis,
362 1200 551 1237 Fur-ando
583 1206 712 1236 tumen
739 1212 784 1236 ac
810 1198 935 1235 morbo
959 1198 1132 1234 stimula-

262 1276 325 1307 tus
355 1270 502 1313 eodem,
530 1268 595 1305 Ex
619 1282 702 1305 sese
730 1269 810 1316 ipse
839 1267 991 1321 aliquid
1015 1280 1132 1320 quae-

261 1345 326 1376 rat
353 1345 538 1393 cogatque
567 1339 707 1391 peculi.
755 1338 921 1375 Sisenna
950 1337 1016 1374 lib.
1043 1350 1131 1374 vm:

262 1410 408 1445 caelum
433 1409 597 1459 caligJine
620 1413 714 1444 stat.

315 1479 483 1516 Smssum
527 1478 687 1514 densum
723 1477 898 1514 dicimus.
953 1476 1063 1526 Virg.
1094 1476 1133 1512 in

269 1557 310 1586 10
342 1547 486 1598 Georg.
510 1546 576 1583 lil».
596 1560 644 1583 11:
684 1547 745 1582 siu
776 1546 817 1582 ίη
838 1557 911 1582 sua
935 1558 1046 1597 posse
1068 1559 1134 1581 ne-

262 1618 408 1670 qabunt
437 1617 502 1655 Ire
525 1618 629 1660 loca,
656 1622 692 1653 et
718 1615 909 1653 scrobibus
937 1617 1136 1667 superavit

261 1695 372 1725 terra
399 1688 571 1740 repletis:
599 1686 752 1739 Spissus
777 1699 886 1737 affer.
918 1685 1058 1723 Cicero
1086 1685 1134 1722 de.

264 1758 435 1796 Oratore
461 1757 527 1794 lib.
548 1772 596 1793 11:
627 1762 663 1793 et
681 1755 877 1809 principia
899 1756 1019 1792 tarda
1032 1761 1137 1798 sunt,

264 1834 300 1865 et
326 1829 449 1865 exitus
483 1832 611 1864 tamen
637 1826 752 1877 spissi
779 1831 815 1863 et
845 1825 1029 1879 producti
1057 1837 1138 1861 esse

262 1897 413 1935 debent.
445 1897 624 1948 Spissum
640 1896 832 1947 significat
848 1895 970 1932 tarde.
1000 1894 1136 1931 Caeci-

264 1968 338 2005 lius
349 1967 554 2005 Dardano:
577 1966 674 2004 nihil
691 1979 757 2019 690
776 1967 861 2019 spei
871 1964 1000 2008 credo,
1017 1964 1137 2000 omnis

265 2050 326 2075 res
371 2037 517 2089 spissas
567 2036 678 2087 facit.
734 2035 911 2072 Titinius
951 2032 1136 2071 Gemina:

263 2108 397 2158 longus
420 2119 541 2143 sermo
563 2105 742 2148 habetur,-
764 2109 980 2141 revortetur
998 2104 1135 2155 spissa.

265 2176 448 2214 Afranius
468 2174 678 2212 lucendio:
704 2176 836 2227 itaque
855 2175 1017 2226 spissum
1033 2173 1137 2210 vide-

265 2294 396 2338 Speng.
433 2294 573 2336 familia
606 2294 638 2325 ei
664 2294 754 2337 fame
783 2295 929 2337 pen-bilai
963 2293 1074 2324 Bothe
1099 2292 1135 2324 2.

266 2349 445 2393 depereant
471 2349 608 2392 cheier
640 2350 682 2381 ad
707 2349 779 2381 Cic.
813 2349 890 2380 Off.
915 2349 950 2380 2.
989 2362 1019 2392 p.
1044 2348 1135 2380 281.

266 2415 302 2440 30
325 2406 462 2450 quaviti.
477 2410 574 2449 ‚quot
598 2406 735 2437 miseros
757 2405 886 2448 chuil.
912 2405 947 2442 5,
977 2404 1037 2437 18.
1068 2411 1136 2436 stat

266 2458 440 2505 (Ρ.592.)
465 2473 586 2492 causas
618 2462 679 2492 W.
727 2463 876 2492 ,centibus
906 2462 1041 2504 fundus
1081 2473 1137 2503 mg

265 2519 300 2550 J.
328 2530 367 2550 ex
390 2519 518 2550 Donat.
554 2516 587 2547 iu
611 2516 690 2548 Ter.
723 2518 832 2548 Andr.
869 2518 929 2548 sed
955 2517 1138 2559 distinguit

265 2574 371 2606 Busa.
392 2579 510 2617 pectus
533 2572 637 2604 habet
661 2572 753 2605 Gell.
780 2572 814 2609 8,
833 2572 868 2603 5.
902 2573 1000 2603 Eum.
1030 2573 1074 2603 cs.
1102 2584 1136 2614 p.

268 2629 359 2666 264,
379 2628 443 2661 20.
467 2631 595 2660 sanus?
622 2630 676 2660 cui
689 2654 695 2660 .
711 2652 717 2659 .
733 2653 739 2659 .
753 2629 903 2660 traditur
914 2629 1056 2672 Popmn.
1082 2628 1136 2658 cui

265 2691 331 2717 stet
354 2685 400 2717 G.
435 2685 490 2715 cui
505 2690 552 2715 est
569 2690 599 2714 et
615 2690 675 2715 ter.
692 2685 737 2716 B.
766 2685 943 2728 s'rudando
959 2684 1135 2728 chopma.

269 2752 302 2776 10
325 2741 413 2773 nihil
437 2742 486 2771 rei
509 2752 567 2783 eqo
591 2752 635 2770 cr.
662 2740 760 2772 G.B.
794 2742 845 2773 nil
870 2742 1001 2784 Speng.
1026 2741 1138 2784 spissa

264 2797 351 2840 facit
362 2798 402 2828 B.
426 2797 593 2831 incenidio
609 2798 672 2827 W.
697 2803 837 2838 possunt
863 2797 908 2829 G.
926 2798 965 2828 L.
991 2795 1138 2828 A.52(i.

266 2865 300 2888 20
326 2852 618 2895 Steph.ct'.Tu1-u.
634 2851 741 2886 29,2.
759 2853 1043 2895 spectandot‘mss.
1071 2853 1139 2895 qui-

897 117 1099 154 NONIUS
1129 117 1456 155 MARCELLUS

1190 231 1255 262 tur
1268 224 1358 275 lieri
1366 240 1380 270 ,-
1408 239 1486 261 non
1501 238 1653 278 possum
1675 225 1781 262 domi
1790 224 1922 261 Meum
1939 224 2063 261 virum

1192 301 1406 345 expectare,
1433 308 1541 348 quem
1566 296 1658 332 mihi
1684 296 1818 333 studeo
1841 294 2063 331 iamdudum

1192 364 1292 401 dari.
1319 365 1430 401 idem
1446 364 1681 403 Materte-ra:
1711 366 1814 419 quod
1831 364 1982 415 defessa
2000 376 2063 400 ex-

1191 434 1382 487 pectando
1409 433 1511 470 domi
1526 433 1639 478 Sedi,
1663 436 1766 489 quod
1783 436 1903 487 spisso
1929 447 1990 470 ve·
2017 440 2061 470 20

1193 504 1278 539 nire
1301 505 1422 539 visum
1448 509 1504 540 est
1529 506 1636 541 mani
1651 505 1753 542 mihi.
1783 504 1946 542 Plautus
1960 504 2062 540 Poe-

1196 571 1307 609 nulo:
1324 572 1441 608 eheu!
1461 586 1575 626 quam
1594 587 1659 624 eqo
1679 574 1796 611 habui
1811 574 1951 611 ariolos
1973 586 2063 609 aru-

1194 642 1334 694 spices:
1363 642 1456 695 quia
1481 643 1576 695 quid
1598 642 1691 679 bene
1712 645 1954 695 promittuut,
1976 654 2065 695 per-

1193 711 1315 763 spisso
1342 712 1486 753 evenit,-
1514 711 1564 748 Id
1589 712 1693 764 quod
1710 713 1804 748 mali
1823 714 2065 763 promittunt,

1192 783 1441 833 praesentari
1475 787 1544 818 est.
1602 781 1747 819 Nevius
1791 780 2064 833 Gymnastico:

1197 855 1240 887 at
1261 853 1360 888 enim
1385 858 1426 888 tu
1454 853 1563 888 nimis
1588 852 1708 904 spisse
1726 857 1844 904 atque
1870 851 1984 887 tarde
2008 852 2065 887 in-

1197 920 1312 957 cedis.
1344 921 1549 971 Turpilius
1570 920 1785 957 Caneforo:
1813 921 1868 956 ita
1897 925 1975 963 est3
2006 933 2067 956 ve-

1198 1003 1283 1026 rum
1306 996 1373 1026 aut
1395 990 1510 1041 facile
1536 995 1591 1026 est
1621 991 1752 1026 venire
1771 989 1841 1033 illi,
1860 988 1925 1026 ubi
1945 990 2069 1042 spissa

1197 1065 1255 1096 est
1272 1060 1488 1112 sapientia:
1516 1058 1692 1112 Spissum
1716 1064 1773 1096 est
1792 1061 1888 1104 iterg
1907 1059 2071 1112 adipisci

1197 1135 1267 1165 aut
1288 1141 1412 1181 posse,
1437 1129 1513 1165 nisi
1530 1142 1613 1165 cum
1632 1141 1774 1179 mayna
1796 1130 1963 1165 miseria.
1982 1128 2068 1180 My-

1198 1199 1348 1236 steriis:
1391 1199 1588 1235 nascimur
1612 1198 1710 1234 enim
1740 1198 1913 1250 spissius,
1952 1212 2069 1251 quam

1197 1269 1419 1304 emorimur:
1460 1268 1524 1304 vix
1556 1268 1631 1304 duo
1667 1267 1834 1304 homines
1870 1267 1996 1304 decem
2021 1275 2066 1304 30

1197 1336 1385 1373 mensibus
1414 1337 1605 1373 edolatum
1638 1350 1755 1372 unum
1784 1337 1954 1373 reddunt
1977 1350 2069 1387 pue-

1198 1420 1304 1442 rum:
1345 1412 1481 1443 contra
1524 1419 1603 1443 una
1636 1407 1877 1458 pestilentia,
1919 1406 2070 1443 austica

1198 1477 1297 1512 acies
1326 1481 1472 1527 puncta
1504 1476 1684 1527 temporis
1718 1477 1880 1512 inmanis
1915 1488 2070 1512 acervos

1194 1544 1304 1595 facit.
1342 1545 1394 1581 Et
1423 1545 1622 1595 Peritplus
1648 1544 1715 1580 lib.
1740 1558 1790 1580 ιι.-
1823 1540 1919 1597 moi
1946 1541 2068 1597 φιλο-

1199 1608 1379 1666 σοφίαςε
1409 1619 1445 1650 et
1467 1628 1514 1650 ne
1537 1626 1780 1657 erraremus3
1811 1627 1867 1650 ec·
1891 1610 2069 1664 (p.595.)

1198 1688 1329 1735 tropas
1359 1696 1438 1719 esse
1484 1684 1643 1727 multas,
1681 1685 1830 1720 omnino
1865 1689 1981 1720 totum
2011 1696 2069 1720 es-

1198 1766 1252 1796 se,
1265 1753 1335 1789 sed
1349 1753 1511 1805 spissum
1526 1754 1610 1790 iter.
1626 1752 1822 1790 Pacuvius
1837 1753 2068 1789 Hermiona:

1198 1821 1311 1859 habet
1329 1822 1397 1859 Ιιο6
1419 1827 1593 1859 senectus
1620 1822 1661 1858 in
1683 1835 1745 1866 se,
1765 1836 1849 1859 cum
1871 1824 1987 1875 piqra
2014 1828 2071 1859 est

1199 1892 1307 1944 ipsa,
1330 1898 1371 1928 ut
1390 1892 1510 1945 spisse
1526 1892 1653 1928 onmia
1673 1892 1881 1929 videantur
1902 1890 2068 1941 confieri.

1254 1962 1411 2000 STATm
1439 1975 1528 1999 mox
1556 1962 1710 2000 dicitur.
1746 1962 1886 1999 Cicero
1913 1962 1952 1998 iu
1970 1962 2068 1999 Ver—

1199 2032 1316 2069 rinis:
1355 2032 1486 2068 statim
1518 2032 1744 2070 [Messanam
1774 2032 1923 2068 litteras
1950 2031 2069 2073 dedit,

1200 2107 1243 2139 ut
1268 2102 1449 2138 Alesinus
1473 2103 1527 2138 acl
1551 2116 1591 2138 se
1614 2101 1690 2138 Dio
1707 2103 1884 2139 continuo
1906 2102 2065 2138 veniret.

1200 2172 1341 2210 Statim
1370 2172 1557 2223 producta
1575 2172 1695 2222 prima
1715 2170 1864 2223 syllaba
1881 2185 1900 2207 a
1915 2171 2069 2215 stando,

1201 2293 1261 2336 qui
1284 2293 1312 2323 b.
1334 2304 1386 2335 pr.
1411 2293 1450 2323 B.
1472 2293 1645 2336 perspisso
1666 2292 1793 2322 evitant
1822 2291 1863 2321 Β.
1890 2291 2006 2333 quim.
2026 2290 2068 2320 B.

1201 2355 1399 2393 exspectans
1423 2348 1544 2391 steph.
1580 2349 1672 2378 visus
1695 2346 1818 2381 Bothe,
1842 2346 1952 2378 Neuk.
1988 2357 2070 2390 quos

1200 2417 1259 2449 eqo
1282 2405 1317 2436 J.
1341 2417 1437 2447 quam
1463 2416 1520 2448 eqo
1545 2403 1635 2446 lug-I.
1661 2403 1733 2438 illo,
1758 2402 1813 2432 ubi
1837 2403 1911 2444 ipsa
1938 2402 2069 2445 chips.

1202 2461 1267 2503 Ep.
1293 2473 1325 2503 q.
1350 2459 1386 2494 5,
1411 2460 1445 2491 2.
1494 2461 1550 2490 ubi
1575 2460 1606 2490 si
1626 2460 1674 2489 [111
1691 2463 1739 2488 est
1763 2458 1803 2489 G⁴
1825 2458 1868 2489 B.
1907 2459 1962 2489 ubi
2001 2460 2069 2489 sita

1201 2522 1251 2548 est
1276 2516 1415 2559 choth.
1464 2517 1614 2547 invenire
1637 2516 1696 2546 ille
1721 2515 1931 2546 cui...lmud
1961 2521 2071 2558 polest

1201 2573 1359 2616 chaber.
1414 2572 1496 2603 liunt
1524 2572 1636 2615 possis
1669 2570 1797 2613 chips.
1846 2572 2003 2614 περιπλοῦ
2035 2580 2071 2606 30

1199 2631 1256 2660 lib.
1281 2630 1317 2664 5,
1345 2629 1450 2661 Turn.
1473 2627 1535 2663 29,
1554 2627 1587 2658 2.
1623 2629 1766 2669 περιπλῷ
1790 2629 1862 2670 περὶ
1888 2628 2071 2668 φιλοσοφίας

1202 2685 1428 2718 Με..1.ειηίιη.
1453 2695 1484 2726 p.
1499 2683 1590 2716 270.
1614 2683 1889 2726 exstropluasRV.
1913 2680 2073 2726 (p.595.)

1201 2742 1366 2773 cs.Tu1·n.
1395 2740 1462 2775 29,
1489 2740 1524 2771 2.
1552 2745 1661 2770 tutum
1685 2739 1790 2770 Turn.
1816 2740 1957 2782 Popma.
1995 2741 2071 2783 ipsa

1203 2798 1264 2833 sil,
1290 2810 1337 2840 sp.
1365 2802 1400 2827 ut
1425 2795 1603 2826 videantur
1624 2797 1725 2826 om.ci
1741 2795 1873 2838 confieri
1900 2796 2011 2827 Bothe
2034 2794 2068 2826 2.

1205 2853 1247 2883 cf.
1274 2865 1305 2895 p.
1324 2851 1414 2887 254,
1432 2851 1467 2882 4.
1495 2852 1590 2894 dms.
1616 2852 1662 2883 cf.
1680 2864 1709 2894 p.
1732 2851 1823 2887 591,
1846 2852 1908 2884 19.
1955 2853 2014 2894 qui
2041 2861 2071 2884 ¹0
