<?xml version="1.0" encoding="UTF-8"?>
<!DOCTYPE html PUBLIC "-//W3C//DTD XHTML 1.0 Transitional//EN"
    "http://www.w3.org/TR/xhtml1/DTD/xhtml1-transitional.dtd">
<html xmlns="http://www.w3.org/1999/xhtml" xml:lang="en" lang="en">
 <head>
  <title>
</title>
<meta http-equiv="Content-Type" content="text/html;charset=utf-8" />
  <meta name='ocr-system' content='tesseract 3.04.00' />
  <meta name='ocr-capabilities' content='ocr_page ocr_carea ocr_par ocr_line ocrx_word'/>
</head>
<body>
  <div class='ocr_page' id='page_1' title='image "./decompendiosadoc00noniuoft_0319.png"; bbox 0 0 2174 3267; ppageno 0'>
   <div class='ocr_carea' id='block_1_1' title="bbox 360 180 457 218">
    <p class='ocr_par' dir='ltr' id='par_1_1' title="bbox 360 180 457 218">
     <span class='ocr_line' id='line_1_1' title="bbox 360 180 457 218; baseline -0.01 0"><span class='ocrx_word' id='word_1_1' title='bbox 360 180 457 218; x_wconf 87' lang='lat'>1111.</span> 
     </span>
    </p>
   </div>
   <div class='ocr_carea' id='block_1_2' title="bbox 82 286 966 2353">
    <p class='ocr_par' dir='ltr' id='par_1_2' title="bbox 85 286 960 671">
     <span class='ocr_line' id='line_1_2' title="bbox 86 286 958 338; baseline 0.001 -14"><span class='ocrx_word' id='word_1_2' title='bbox 86 286 160 324; x_wconf 81' lang='lat' dir='ltr'><em>hoc</em></span> <span class='ocrx_word' id='word_1_3' title='bbox 185 300 305 337; x_wconf 71' lang='lat' dir='ltr'><em>genus</em></span> <span class='ocrx_word' id='word_1_4' title='bbox 332 288 425 324; x_wconf 74' lang='lat' dir='ltr'><em>artis</em></span> <span class='ocrx_word' id='word_1_5' title='bbox 449 287 611 338; x_wconf 80' lang='lat' dir='ltr'><em>polleat.</em></span> <span class='ocrx_word' id='word_1_6' title='bbox 639 287 815 326; x_wconf 86' lang='lat' dir='ltr'><strong>Lucilius</strong></span> <span class='ocrx_word' id='word_1_7' title='bbox 843 289 958 338; x_wconf 75' lang='lat' dir='ltr'><em>Saty-</em></span> 
     </span>
     <span class='ocr_line' id='line_1_3' title="bbox 85 354 960 403; baseline 0.001 -9"><span class='ocrx_word' id='word_1_8' title='bbox 85 371 213 394; x_wconf 83' lang='lat' dir='ltr'><em>rarum</em></span> <span class='ocrx_word' id='word_1_9' title='bbox 230 356 295 393; x_wconf 91' lang='lat' dir='ltr'><em>lib.</em></span> <span class='ocrx_word' id='word_1_10' title='bbox 310 370 383 394; x_wconf 85' lang='lat' dir='ltr'><em>vu:</em></span> <span class='ocrx_word' id='word_1_11' title='bbox 413 356 513 394; x_wconf 81' lang='lat' dir='ltr'><em>hanc</em></span> <span class='ocrx_word' id='word_1_12' title='bbox 527 357 594 395; x_wconf 87' lang='lat' dir='ltr'><em>ubi</em></span> <span class='ocrx_word' id='word_1_13' title='bbox 601 354 683 395; x_wconf 84' lang='lat' dir='ltr'><em>vult</em></span> <span class='ocrx_word' id='word_1_14' title='bbox 694 359 794 395; x_wconf 87' lang='lat' dir='ltr'><em>male</em></span> <span class='ocrx_word' id='word_1_15' title='bbox 805 355 960 403; x_wconf 78' lang='lat' dir='ltr'><em>habere,</em></span> 
     </span>
     <span class='ocr_line' id='line_1_4' title="bbox 85 425 959 477; baseline 0.002 -15"><span class='ocrx_word' id='word_1_16' title='bbox 85 426 218 463; x_wconf 87' lang='lat' dir='ltr'><em>ulcisci</em></span> <span class='ocrx_word' id='word_1_17' title='bbox 233 439 305 477; x_wconf 93' lang='lat' dir='ltr'><em>pro</em></span> <span class='ocrx_word' id='word_1_18' title='bbox 326 425 401 462; x_wconf 89' lang='lat' dir='ltr'><em>cele</em></span> <span class='ocrx_word' id='word_1_19' title='bbox 425 428 519 470; x_wconf 89' lang='lat' dir='ltr'><em>eius,</em></span> <span class='ocrx_word' id='word_1_20' title='bbox 547 427 698 464; x_wconf 85' lang='lat' dir='ltr'><em>Testam</em></span> <span class='ocrx_word' id='word_1_21' title='bbox 717 428 832 465; x_wconf 88' lang='lat' dir='ltr'><em>sumit</em></span> <span class='ocrx_word' id='word_1_22' title='bbox 852 427 959 464; x_wconf 79' lang='lat' dir='ltr'><em>homo</em></span> 
     </span>
     <span class='ocr_line' id='line_1_5' title="bbox 85 494 960 551; baseline 0.002 -19"><span class='ocrx_word' id='word_1_23' title='bbox 85 494 271 539; x_wconf 78' lang='lat' dir='ltr'><strong><em>Samiam,</em></strong></span> <span class='ocrx_word' id='word_1_24' title='bbox 290 494 342 531; x_wconf 89' lang='lat' dir='ltr'><em>ibi</em></span> <span class='ocrx_word' id='word_1_25' title='bbox 354 508 405 531; x_wconf 84' lang='lat' dir='ltr'><em>an</em></span> <span class='ocrx_word' id='word_1_26' title='bbox 420 509 496 532; x_wconf 89' lang='lat' dir='ltr'><em>uno</em></span> <span class='ocrx_word' id='word_1_27' title='bbox 516 496 588 532; x_wconf 88' lang='lat' dir='ltr'><em>telo</em></span> <span class='ocrx_word' id='word_1_28' title='bbox 603 498 742 551; x_wconf 82' lang='lat' dir='ltr'><em>inquit,</em></span> <span class='ocrx_word' id='word_1_29' title='bbox 756 497 960 535; x_wconf 78' lang='lat' dir='ltr'><em>Praecidit</em></span> 
     </span>
     <span class='ocr_line' id='line_1_6' title="bbox 86 559 958 621; baseline 0.003 -20"><span class='ocrx_word' id='word_1_30' title='bbox 86 560 142 614; x_wconf 89' lang='lat' dir='ltr'><em>(p.</em></span> <span class='ocrx_word' id='word_1_31' title='bbox 157 559 277 608; x_wconf 80' lang='lat'><em>599.)</em></span> <span class='ocrx_word' id='word_1_32' title='bbox 304 564 472 608; x_wconf 87' lang='lat' dir='ltr'><em>caulem,</em></span> <span class='ocrx_word' id='word_1_33' title='bbox 507 566 691 621; x_wconf 85' lang='lat' dir='ltr'><em>testisque</em></span> <span class='ocrx_word' id='word_1_34' title='bbox 718 580 798 604; x_wconf 86' lang='lat' dir='ltr'><em>una</em></span> <span class='ocrx_word' id='word_1_35' title='bbox 826 580 958 619; x_wconf 90' lang='lat' dir='ltr'><em>ampu-</em></span> 
     </span>
     <span class='ocr_line' id='line_1_7' title="bbox 86 633 291 671; baseline 0 -1"><span class='ocrx_word' id='word_1_36' title='bbox 86 639 144 671; x_wconf 82' lang='lat' dir='ltr'><em>tat</em></span> <span class='ocrx_word' id='word_1_37' title='bbox 170 633 291 670; x_wconf 87' lang='lat' dir='ltr'><em>ambo.</em></span> 
     </span>
    </p>

    <p class='ocr_par' dir='ltr' id='par_1_3' title="bbox 82 703 961 1310">
     <span class='ocr_line' id='line_1_8' title="bbox 139 703 958 755; baseline 0.004 -16"><span class='ocrx_word' id='word_1_38' title='bbox 139 703 372 747; x_wconf 62' lang='lat' dir='ltr'><em>Spumans,</em></span> <span class='ocrx_word' id='word_1_39' title='bbox 399 703 591 742; x_wconf 79' lang='lat' dir='ltr'><em>fastidire.</em></span> <span class='ocrx_word' id='word_1_40' title='bbox 629 705 740 755; x_wconf 78' lang='lat' dir='ltr'><em>Virg.</em></span> <span class='ocrx_word' id='word_1_41' title='bbox 770 705 870 744; x_wconf 83' lang='lat' dir='ltr'><em>Aen.</em></span> <span class='ocrx_word' id='word_1_42' title='bbox 891 705 958 743; x_wconf 91' lang='lat' dir='ltr'><em>lib.</em></span> 
     </span>
     <span class='ocr_line' id='line_1_9' title="bbox 85 769 960 827; baseline 0.005 -19"><span class='ocrx_word' id='word_1_43' title='bbox 85 785 165 809; x_wconf 84' lang='lat'>1111:</span> <span class='ocrx_word' id='word_1_44' title='bbox 206 769 423 810; x_wconf 75' lang='lat' dir='ltr'><em>comitemne</em></span> <span class='ocrx_word' id='word_1_45' title='bbox 462 787 631 812; x_wconf 88' lang='lat' dir='ltr'><em>sororem</em></span> <span class='ocrx_word' id='word_1_46' title='bbox 664 774 854 827; x_wconf 78' lang='lat' dir='ltr'><em>Sprevisti</em></span> <span class='ocrx_word' id='word_1_47' title='bbox 885 788 960 812; x_wconf 87' lang='lat' dir='ltr'><em>mo-</em></span> 
     </span>
     <span class='ocr_line' id='line_1_10' title="bbox 84 841 960 881; baseline 0.003 -4"><span class='ocrx_word' id='word_1_48' title='bbox 84 841 219 878; x_wconf 84' lang='lat' dir='ltr'><em>riens?</em></span> <span class='ocrx_word' id='word_1_49' title='bbox 259 842 472 880; x_wconf 82' lang='lat' dir='ltr'>Terentius</span> <span class='ocrx_word' id='word_1_50' title='bbox 497 844 537 880; x_wconf 92' lang='lat' dir='ltr'><em>in</em></span> <span class='ocrx_word' id='word_1_51' title='bbox 559 843 730 881; x_wconf 80' lang='lat' dir='ltr'><em>Andria:</em></span> <span class='ocrx_word' id='word_1_52' title='bbox 759 849 814 881; x_wconf 89' lang='lat' dir='ltr'><em>tot</em></span> <span class='ocrx_word' id='word_1_53' title='bbox 839 844 960 880; x_wconf 82' lang='lat' dir='ltr'><em>modis</em></span> 
     </span>
     <span class='ocr_line' id='line_1_11' title="bbox 84 912 960 964; baseline 0.002 -16"><span class='ocrx_word' id='word_1_54' title='bbox 84 917 314 956; x_wconf 78' lang='lat' dir='ltr'><em>contemtus,</em></span> <span class='ocrx_word' id='word_1_55' title='bbox 355 912 534 964; x_wconf 84' lang='lat' dir='ltr'><em>spretus?</em></span> <span class='ocrx_word' id='word_1_56' title='bbox 597 912 718 961; x_wconf 76' lang='lat' dir='ltr'><em>facta,</em></span> <span class='ocrx_word' id='word_1_57' title='bbox 758 919 960 950; x_wconf 81' lang='lat' dir='ltr'><em>transacta</em></span> 
     </span>
     <span class='ocr_line' id='line_1_12' title="bbox 86 981 958 1033; baseline 0.002 -16"><span class='ocrx_word' id='word_1_58' title='bbox 86 983 226 1018; x_wconf 87' lang='lat' dir='ltr'><em>omnia.</em></span> <span class='ocrx_word' id='word_1_59' title='bbox 246 981 446 1033; x_wconf 82' lang='lat' dir='ltr'><em>Spernere</em></span> <span class='ocrx_word' id='word_1_60' title='bbox 472 996 623 1020; x_wconf 86' lang='lat' dir='ltr'><em>rursum</em></span> <span class='ocrx_word' id='word_1_61' title='bbox 644 996 864 1033; x_wconf 71' lang='lat' dir='ltr'><em>seg-regare.</em></span> <span class='ocrx_word' id='word_1_62' title='bbox 882 982 958 1019; x_wconf 88' lang='lat' dir='ltr'><em>En-</em></span> 
     </span>
     <span class='ocr_line' id='line_1_13' title="bbox 88 1050 959 1103; baseline 0.001 -16"><span class='ocrx_word' id='word_1_63' title='bbox 88 1051 173 1087; x_wconf 88' lang='lat' dir='ltr'><em>nius</em></span> <span class='ocrx_word' id='word_1_64' title='bbox 196 1051 407 1089; x_wconf 80' lang='lat' dir='ltr'><em>Haeetoris</em></span> <span class='ocrx_word' id='word_1_65' title='bbox 425 1050 577 1103; x_wconf 82' lang='lat' dir='ltr'><em>Lytris:</em></span> <span class='ocrx_word' id='word_1_66' title='bbox 613 1053 745 1088; x_wconf 83' lang='lat' dir='ltr'><em>melius</em></span> <span class='ocrx_word' id='word_1_67' title='bbox 765 1058 821 1088; x_wconf 86' lang='lat' dir='ltr'><em>est</em></span> <span class='ocrx_word' id='word_1_68' title='bbox 838 1053 959 1088; x_wconf 87' lang='lat' dir='ltr'><em>virtu-</em></span> 
     </span>
     <span class='ocr_line' id='line_1_14' title="bbox 86 1120 961 1175; baseline 0 -18"><span class='ocrx_word' id='word_1_69' title='bbox 86 1126 124 1157; x_wconf 88' lang='lat' dir='ltr'><em>te</em></span> <span class='ocrx_word' id='word_1_70' title='bbox 147 1121 253 1164; x_wconf 77' lang='lat' dir='ltr'><em>eius3</em></span> <span class='ocrx_word' id='word_1_71' title='bbox 280 1134 371 1158; x_wconf 87' lang='lat' dir='ltr'><em>nam</em></span> <span class='ocrx_word' id='word_1_72' title='bbox 393 1134 508 1175; x_wconf 82' lang='lat' dir='ltr'><em>saepe</em></span> <span class='ocrx_word' id='word_1_73' title='bbox 534 1123 715 1159; x_wconf 86' lang='lat' dir='ltr'><em>virtutem</em></span> <span class='ocrx_word' id='word_1_74' title='bbox 738 1122 832 1158; x_wconf 83' lang='lat' dir='ltr'><em>mali</em></span> <span class='ocrx_word' id='word_1_75' title='bbox 848 1120 961 1158; x_wconf 87' lang='lat' dir='ltr'><em>Nan-</em></span> 
     </span>
     <span class='ocr_line' id='line_1_15' title="bbox 93 1191 961 1244; baseline 0 -17"><span class='ocrx_word' id='word_1_76' title='bbox 93 1198 135 1228; x_wconf 79' lang='lat'><em>10</em></span> <span class='ocrx_word' id='word_1_77' title='bbox 157 1192 376 1235; x_wconf 71' lang='lat' dir='ltr'><em>ciscuntur3</em></span> <span class='ocrx_word' id='word_1_78' title='bbox 404 1193 463 1228; x_wconf 87' lang='lat' dir='ltr'><em>ius</em></span> <span class='ocrx_word' id='word_1_79' title='bbox 485 1197 606 1244; x_wconf 86' lang='lat' dir='ltr'><em>atque</em></span> <span class='ocrx_word' id='word_1_80' title='bbox 624 1205 730 1228; x_wconf 85' lang='lat' dir='ltr'><em>ecum</em></span> <span class='ocrx_word' id='word_1_81' title='bbox 748 1204 790 1227; x_wconf 88' lang='lat' dir='ltr'><em>se</em></span> <span class='ocrx_word' id='word_1_82' title='bbox 808 1204 833 1227; x_wconf 93' lang='lat' dir='ltr'><em>a</em></span> <span class='ocrx_word' id='word_1_83' title='bbox 850 1191 961 1227; x_wconf 78' lang='lat' dir='ltr'><em>malis</em></span> 
     </span>
     <span class='ocr_line' id='line_1_16' title="bbox 82 1259 402 1310; baseline 0.006 -16"><span class='ocrx_word' id='word_1_84' title='bbox 82 1260 232 1310; x_wconf 82' lang='lat' dir='ltr'><em>spernit</em></span> <span class='ocrx_word' id='word_1_85' title='bbox 254 1259 402 1310; x_wconf 84' lang='lat' dir='ltr'><em>procul.</em></span> 
     </span>
    </p>

    <p class='ocr_par' dir='ltr' id='par_1_4' title="bbox 86 1327 966 2353">
     <span class='ocr_line' id='line_1_17' title="bbox 137 1327 960 1380; baseline -0.001 -16"><span class='ocrx_word' id='word_1_86' title='bbox 137 1328 350 1373; x_wconf 67' lang='lat' dir='ltr'><em>Summus,</em></span> <span class='ocrx_word' id='word_1_87' title='bbox 393 1333 617 1380; x_wconf 86' lang='lat' dir='ltr'><em>supputare.</em></span> <span class='ocrx_word' id='word_1_88' title='bbox 668 1327 880 1365; x_wconf 81' lang='lat' dir='ltr'><strong>Terentius</strong></span> <span class='ocrx_word' id='word_1_89' title='bbox 920 1327 960 1363; x_wconf 86' lang='lat' dir='ltr'><em>in</em></span> 
     </span>
     <span class='ocr_line' id='line_1_18' title="bbox 87 1396 961 1451; baseline -0.001 -17"><span class='ocrx_word' id='word_1_90' title='bbox 87 1397 258 1435; x_wconf 82' lang='lat' dir='ltr'><em>Adelfis:</em></span> <span class='ocrx_word' id='word_1_91' title='bbox 295 1410 503 1451; x_wconf 78' lang='lat' dir='ltr'><strong><em>numquam</em></strong></span> <span class='ocrx_word' id='word_1_92' title='bbox 537 1399 593 1434; x_wconf 89' lang='lat' dir='ltr'><em>ita</em></span> <span class='ocrx_word' id='word_1_93' title='bbox 628 1397 833 1450; x_wconf 83' lang='lat' dir='ltr'><em>quisquam</em></span> <span class='ocrx_word' id='word_1_94' title='bbox 868 1396 961 1434; x_wconf 85' lang='lat' dir='ltr'><em>bene</em></span> 
     </span>
     <span class='ocr_line' id='line_1_19' title="bbox 86 1465 960 1517; baseline -0.002 -13"><span class='ocrx_word' id='word_1_95' title='bbox 86 1466 274 1504; x_wconf 84' lang='lat' dir='ltr'><em>subducta</em></span> <span class='ocrx_word' id='word_1_96' title='bbox 294 1467 445 1503; x_wconf 88' lang='lat' dir='ltr'><em>ratione</em></span> <span class='ocrx_word' id='word_1_97' title='bbox 460 1467 514 1503; x_wconf 88' lang='lat' dir='ltr'><em>ad</em></span> <span class='ocrx_word' id='word_1_98' title='bbox 526 1468 643 1503; x_wconf 87' lang='lat' dir='ltr'><em>vitam</em></span> <span class='ocrx_word' id='word_1_99' title='bbox 663 1465 753 1517; x_wconf 79' lang='lat' dir='ltr'><em>fuit.</em></span> <span class='ocrx_word' id='word_1_100' title='bbox 785 1466 960 1504; x_wconf 83' lang='lat' dir='ltr'><strong>Lucilius</strong></span> 
     </span>
     <span class='ocr_line' id='line_1_20' title="bbox 88 1535 960 1589; baseline -0.002 -16"><span class='ocrx_word' id='word_1_101' title='bbox 88 1537 315 1589; x_wconf 77' lang='lat' dir='ltr'><em>Satyrarum</em></span> <span class='ocrx_word' id='word_1_102' title='bbox 329 1536 397 1574; x_wconf 86' lang='lat' dir='ltr'><em>lih.</em></span> <span class='ocrx_word' id='word_1_103' title='bbox 412 1550 573 1574; x_wconf 84' lang='lat' dir='ltr'><em>xxvuu:</em></span> <span class='ocrx_word' id='word_1_104' title='bbox 590 1536 716 1573; x_wconf 87' lang='lat' dir='ltr'><em>eodem</em></span> <span class='ocrx_word' id='word_1_105' title='bbox 737 1549 813 1572; x_wconf 86' lang='lat' dir='ltr'><em>uno</em></span> <span class='ocrx_word' id='word_1_106' title='bbox 832 1535 874 1572; x_wconf 82' lang='grc' dir='ltr'><em>1ιί</em></span> <span class='ocrx_word' id='word_1_107' title='bbox 885 1548 960 1572; x_wconf 93' lang='lat' dir='ltr'><em>mo-</em></span> 
     </span>
     <span class='ocr_line' id='line_1_21' title="bbox 89 1604 963 1643; baseline -0.001 -1"><span class='ocrx_word' id='word_1_108' title='bbox 89 1606 137 1642; x_wconf 92' lang='lat' dir='ltr'><em>do</em></span> <span class='ocrx_word' id='word_1_109' title='bbox 169 1606 384 1642; x_wconf 77' lang='lat' dir='ltr'><em>errationes</em></span> <span class='ocrx_word' id='word_1_110' title='bbox 411 1605 638 1643; x_wconf 79' lang='lat' dir='ltr'><em>subduceret</em></span> <span class='ocrx_word' id='word_1_111' title='bbox 657 1618 765 1641; x_wconf 80' lang='lat' dir='ltr'><em>suas.</em></span> <span class='ocrx_word' id='word_1_112' title='bbox 796 1604 963 1642; x_wconf 85' lang='lat' dir='ltr'><em>M.Tul-</em></span> 
     </span>
     <span class='ocr_line' id='line_1_22' title="bbox 88 1675 962 1727; baseline -0.001 -15"><span class='ocrx_word' id='word_1_113' title='bbox 88 1675 164 1712; x_wconf 93' lang='lat' dir='ltr'><em>lius</em></span> <span class='ocrx_word' id='word_1_114' title='bbox 180 1675 218 1711; x_wconf 87' lang='lat' dir='ltr'><em>in</em></span> <span class='ocrx_word' id='word_1_115' title='bbox 236 1675 475 1712; x_wconf 86' lang='lat' dir='ltr'><em>Hortensio:</em></span> <span class='ocrx_word' id='word_1_116' title='bbox 501 1688 579 1711; x_wconf 82' lang='lat' dir='ltr'><em>non</em></span> <span class='ocrx_word' id='word_1_117' title='bbox 601 1680 637 1711; x_wconf 87' lang='lat' dir='ltr'><em>et</em></span> <span class='ocrx_word' id='word_1_118' title='bbox 657 1676 741 1711; x_wconf 83' lang='lat' dir='ltr'><em>sine</em></span> <span class='ocrx_word' id='word_1_119' title='bbox 759 1687 805 1711; x_wconf 89' lang='lat' dir='ltr'><em>ea</em></span> <span class='ocrx_word' id='word_1_120' title='bbox 820 1676 962 1727; x_wconf 71' lang='lat' dir='ltr'><em>coqita-</em></span> 
     </span>
     <span class='ocr_line' id='line_1_23' title="bbox 88 1744 964 1797; baseline -0.001 -16"><span class='ocrx_word' id='word_1_121' title='bbox 88 1746 189 1781; x_wconf 82' lang='lat' dir='ltr'><em>tione</em></span> <span class='ocrx_word' id='word_1_122' title='bbox 229 1744 407 1781; x_wconf 74' lang='lat' dir='ltr'><em>ineundis</em></span> <span class='ocrx_word' id='word_1_123' title='bbox 443 1744 774 1797; x_wconf 84' lang='lat' dir='ltr'><em>subducendisque</em></span> <span class='ocrx_word' id='word_1_124' title='bbox 803 1744 964 1781; x_wconf 82' lang='lat' dir='ltr'><em>rationi-</em></span> 
     </span>
     <span class='ocr_line' id='line_1_24' title="bbox 89 1813 963 1851; baseline 0 -1"><span class='ocrx_word' id='word_1_125' title='bbox 89 1813 171 1851; x_wconf 83' lang='lat' dir='ltr'><em>bus.</em></span> <span class='ocrx_word' id='word_1_126' title='bbox 202 1813 311 1850; x_wconf 82' lang='lat' dir='ltr'><em>Idem</em></span> <span class='ocrx_word' id='word_1_127' title='bbox 343 1813 391 1850; x_wconf 89' lang='lat' dir='ltr'><em>de</em></span> <span class='ocrx_word' id='word_1_128' title='bbox 415 1813 579 1850; x_wconf 83' lang='lat' dir='ltr'><strong>Finibus</strong></span> <span class='ocrx_word' id='word_1_129' title='bbox 604 1813 796 1851; x_wconf 88' lang='lat' dir='ltr'><em>bonorum</em></span> <span class='ocrx_word' id='word_1_130' title='bbox 823 1819 863 1850; x_wconf 85' lang='lat' dir='ltr'><em>et</em></span> <span class='ocrx_word' id='word_1_131' title='bbox 885 1827 963 1850; x_wconf 85' lang='lat' dir='ltr'><em>ma-</em></span> 
     </span>
     <span class='ocr_line' id='line_1_25' title="bbox 88 1883 964 1936; baseline 0 -17"><span class='ocrx_word' id='word_1_132' title='bbox 88 1883 234 1920; x_wconf 88' lang='lat' dir='ltr'><em>lorum:</em></span> <span class='ocrx_word' id='word_1_133' title='bbox 272 1884 341 1936; x_wconf 85' lang='lat' dir='ltr'><em>qui</em></span> <span class='ocrx_word' id='word_1_134' title='bbox 371 1889 499 1920; x_wconf 89' lang='lat' dir='ltr'><em>autem</em></span> <span class='ocrx_word' id='word_1_135' title='bbox 532 1895 612 1920; x_wconf 87' lang='lat' dir='ltr'><em>esse</em></span> <span class='ocrx_word' id='word_1_136' title='bbox 644 1889 784 1935; x_wconf 86' lang='lat' dir='ltr'><em>potest,</em></span> <span class='ocrx_word' id='word_1_137' title='bbox 816 1883 894 1920; x_wconf 84' lang='lat' dir='ltr'><em>nisi</em></span> <span class='ocrx_word' id='word_1_138' title='bbox 926 1888 964 1919; x_wconf 90' lang='lat' dir='ltr'><em>te</em></span> 
     </span>
     <span class='ocr_line' id='line_1_26' title="bbox 90 1952 966 2006; baseline 0.001 -18"><span class='ocrx_word' id='word_1_139' title='bbox 90 1966 199 1989; x_wconf 87' lang='lat' dir='ltr'><em>amor</em></span> <span class='ocrx_word' id='word_1_140' title='bbox 224 1953 308 2005; x_wconf 85' lang='lat' dir='ltr'><em>ipre</em></span> <span class='ocrx_word' id='word_1_141' title='bbox 328 1952 499 2005; x_wconf 78' lang='lat' dir='ltr'><em>ceperit?</em></span> <span class='ocrx_word' id='word_1_142' title='bbox 529 1952 633 2006; x_wconf 83' lang='lat' dir='ltr'><em>quod</em></span> <span class='ocrx_word' id='word_1_143' title='bbox 665 1965 744 1989; x_wconf 85' lang='lat' dir='ltr'><em>non</em></span> <span class='ocrx_word' id='word_1_144' title='bbox 776 1952 966 1989; x_wconf 84' lang='lat' dir='ltr'><em>subducta</em></span> 
     </span>
     <span class='ocr_line' id='line_1_27' title="bbox 90 2020 964 2072; baseline 0 -14"><span class='ocrx_word' id='word_1_145' title='bbox 90 2021 268 2059; x_wconf 79' lang='lat' dir='ltr'><em>utilitatis</em></span> <span class='ocrx_word' id='word_1_146' title='bbox 290 2023 441 2059; x_wconf 89' lang='lat' dir='ltr'><em>ratione</em></span> <span class='ocrx_word' id='word_1_147' title='bbox 465 2020 561 2072; x_wconf 86' lang='lat' dir='ltr'><em>effici</em></span> <span class='ocrx_word' id='word_1_148' title='bbox 583 2022 690 2059; x_wconf 88' lang='lat' dir='ltr'><em>solet.</em></span> <span class='ocrx_word' id='word_1_149' title='bbox 734 2022 964 2061; x_wconf 80' lang='lat' dir='ltr'><em>subducere</em></span> 
     </span>
     <span class='ocr_line' id='line_1_28' title="bbox 91 2090 965 2143; baseline -0.002 -14"><span class='ocrx_word' id='word_1_150' title='bbox 91 2096 151 2129; x_wconf 86' lang='lat' dir='ltr'><em>est</em></span> <span class='ocrx_word' id='word_1_151' title='bbox 187 2092 396 2142; x_wconf 82' lang='lat' dir='ltr'><em>surripere.</em></span> <span class='ocrx_word' id='word_1_152' title='bbox 452 2090 657 2142; x_wconf 86' lang='lat' dir='ltr'><strong>Turpilius</strong></span> <span class='ocrx_word' id='word_1_153' title='bbox 686 2091 858 2143; x_wconf 78' lang='lat' dir='ltr'><em>Lyndia:</em></span> <span class='ocrx_word' id='word_1_154' title='bbox 898 2104 965 2143; x_wconf 70' lang='lat' dir='ltr'><em>eqo</em></span> 
     </span>
     <span class='ocr_line' id='line_1_29' title="bbox 94 2159 965 2207; baseline -0.001 -9"><span class='ocrx_word' id='word_1_155' title='bbox 94 2169 140 2199; x_wconf 92' lang='grc'><em>20</em></span> <span class='ocrx_word' id='word_1_156' title='bbox 164 2161 317 2198; x_wconf 83' lang='lat' dir='ltr'><em>interim</em></span> <span class='ocrx_word' id='word_1_157' title='bbox 338 2161 380 2197; x_wconf 87' lang='lat' dir='ltr'><em>in</em></span> <span class='ocrx_word' id='word_1_158' title='bbox 403 2160 516 2197; x_wconf 88' lang='lat' dir='ltr'><em>turba</em></span> <span class='ocrx_word' id='word_1_159' title='bbox 547 2160 654 2207; x_wconf 77' lang='lat' dir='ltr'><em>foras</em></span> <span class='ocrx_word' id='word_1_160' title='bbox 683 2159 859 2197; x_wconf 83' lang='lat' dir='ltr'><em>Subduxi</em></span> <span class='ocrx_word' id='word_1_161' title='bbox 882 2174 965 2197; x_wconf 87' lang='lat' dir='ltr'><em>cum</em></span> 
     </span>
     <span class='ocr_line' id='line_1_30' title="bbox 91 2230 966 2281; baseline -0.001 -14"><span class='ocrx_word' id='word_1_162' title='bbox 91 2231 165 2267; x_wconf 82' lang='lat' dir='ltr'><em>hac</em></span> <span class='ocrx_word' id='word_1_163' title='bbox 191 2244 262 2267; x_wconf 89' lang='lat' dir='ltr'><em>me.</em></span> <span class='ocrx_word' id='word_1_164' title='bbox 311 2230 422 2281; x_wconf 77' lang='lat' dir='ltr'><em>Virg.</em></span> <span class='ocrx_word' id='word_1_165' title='bbox 454 2230 494 2266; x_wconf 88' lang='lat' dir='ltr'><em>in</em></span> <span class='ocrx_word' id='word_1_166' title='bbox 526 2230 744 2268; x_wconf 86' lang='lat' dir='ltr'><em>Bucolicis:</em></span> <span class='ocrx_word' id='word_1_167' title='bbox 785 2235 821 2267; x_wconf 86' lang='lat' dir='ltr'><em>et</em></span> <span class='ocrx_word' id='word_1_168' title='bbox 852 2242 966 2267; x_wconf 86' lang='lat' dir='ltr'><em>sucus</em></span> 
     </span>
     <span class='ocr_line' id='line_1_31' title="bbox 90 2299 965 2353; baseline -0.001 -16"><span class='ocrx_word' id='word_1_169' title='bbox 90 2302 222 2353; x_wconf 89' lang='lat' dir='ltr'><em>pecori</em></span> <span class='ocrx_word' id='word_1_170' title='bbox 246 2306 283 2337; x_wconf 89' lang='lat' dir='ltr'><em>et</em></span> <span class='ocrx_word' id='word_1_171' title='bbox 311 2300 373 2336; x_wconf 82' lang='lat' dir='ltr'><em>lac</em></span> <span class='ocrx_word' id='word_1_172' title='bbox 401 2299 628 2336; x_wconf 85' lang='lat' dir='ltr'><em>subducitur</em></span> <span class='ocrx_word' id='word_1_173' title='bbox 649 2301 774 2351; x_wconf 79' lang='lat' dir='ltr'><em>aquis.</em></span> <span class='ocrx_word' id='word_1_174' title='bbox 812 2299 965 2337; x_wconf 85' lang='lat' dir='ltr'><em>Teren-</em></span> 
     </span>
    </p>
   </div>
   <div class='ocr_carea' id='block_1_3' title="bbox 94 2406 970 2955">
    <p class='ocr_par' dir='ltr' id='par_1_5' title="bbox 94 2406 970 2955">
     <span class='ocr_line' id='line_1_32' title="bbox 94 2406 965 2453; baseline 0 -14"><span class='ocrx_word' id='word_1_175' title='bbox 94 2409 166 2439; x_wconf 82' lang='lat' dir='ltr'><em>sine</em></span> <span class='ocrx_word' id='word_1_176' title='bbox 181 2410 285 2440; x_wconf 83' lang='lat' dir='ltr'><em>samio</em></span> <span class='ocrx_word' id='word_1_177' title='bbox 298 2421 382 2453; x_wconf 81' lang='lat' dir='ltr'><em>quae</em></span> <span class='ocrx_word' id='word_1_178' title='bbox 398 2415 436 2439; x_wconf 83' lang='lat' dir='ltr'><em>ut</em></span> <span class='ocrx_word' id='word_1_179' title='bbox 459 2408 511 2439; x_wconf 78' lang='lat' dir='ltr'><em>his</em></span> <span class='ocrx_word' id='word_1_180' title='bbox 537 2406 630 2439; x_wconf 76' lang='lat'><em>526.</em></span> <span class='ocrx_word' id='word_1_181' title='bbox 663 2408 696 2440; x_wconf 86' lang='lat' dir='ltr'><em>J.</em></span> <span class='ocrx_word' id='word_1_182' title='bbox 727 2408 873 2451; x_wconf 85' lang='lat' dir='ltr'><em>simpula</em></span> <span class='ocrx_word' id='word_1_183' title='bbox 886 2431 893 2438; x_wconf 98' lang='lat'><em>.</em></span> <span class='ocrx_word' id='word_1_184' title='bbox 910 2433 917 2439; x_wconf 97' lang='lat'><em>.</em></span> <span class='ocrx_word' id='word_1_185' title='bbox 935 2433 941 2439; x_wconf 93' lang='lat'><em>.</em></span> <span class='ocrx_word' id='word_1_186' title='bbox 958 2431 965 2438; x_wconf 90' lang='lat'><em>.</em></span> 
     </span>
     <span class='ocr_line' id='line_1_33' title="bbox 94 2462 967 2508; baseline -0.002 -13"><span class='ocrx_word' id='word_1_187' title='bbox 94 2465 282 2507; x_wconf 81' lang='lat' dir='ltr'><em>samiaeque</em></span> <span class='ocrx_word' id='word_1_188' title='bbox 303 2465 503 2508; x_wconf 83' lang='lat' dir='ltr'><em>cappedines</em></span> <span class='ocrx_word' id='word_1_189' title='bbox 528 2463 631 2495; x_wconf 78' lang='lat' dir='ltr'><em>Tum</em></span> <span class='ocrx_word' id='word_1_190' title='bbox 651 2463 715 2499; x_wconf 77' lang='lat'><em>29,</em></span> <span class='ocrx_word' id='word_1_191' title='bbox 734 2462 769 2494; x_wconf 78' lang='lat'><em>2.</em></span> <span class='ocrx_word' id='word_1_192' title='bbox 797 2464 967 2505; x_wconf 80' lang='lat' dir='ltr'><em>procellae</em></span> 
     </span>
     <span class='ocr_line' id='line_1_34' title="bbox 96 2519 967 2561; baseline -0.001 -11"><span class='ocrx_word' id='word_1_193' title='bbox 96 2529 131 2554; x_wconf 85' lang='lat'><em>30</em></span> <span class='ocrx_word' id='word_1_194' title='bbox 146 2521 218 2551; x_wconf 83' lang='lat' dir='ltr'><em>eius</em></span> <span class='ocrx_word' id='word_1_195' title='bbox 251 2521 288 2552; x_wconf 83' lang='lat' dir='ltr'><em>J.</em></span> <span class='ocrx_word' id='word_1_196' title='bbox 323 2522 430 2551; x_wconf 84' lang='lat' dir='ltr'><em>samia</em></span> <span class='ocrx_word' id='word_1_197' title='bbox 454 2521 556 2551; x_wconf 86' lang='lat' dir='ltr'><em>mibiu</em></span> <span class='ocrx_word' id='word_1_198' title='bbox 579 2531 669 2551; x_wconf 58' lang='lat' dir='ltr'><em>&#39;euno</em></span> <span class='ocrx_word' id='word_1_199' title='bbox 687 2519 967 2561; x_wconf 73' lang='lat' dir='ltr'><em>telo-,praecedit</em></span> 
     </span>
     <span class='ocr_line' id='line_1_35' title="bbox 95 2574 968 2620; baseline -0.001 -14"><span class='ocrx_word' id='word_1_200' title='bbox 95 2578 223 2608; x_wconf 72' lang='lat' dir='ltr'><em>caulem</em></span> <span class='ocrx_word' id='word_1_201' title='bbox 249 2577 407 2620; x_wconf 75' lang='lat' dir='ltr'><em>testisque</em></span> <span class='ocrx_word' id='word_1_202' title='bbox 420 2577 460 2607; x_wconf 87' lang='lat' dir='ltr'><em>B.</em></span> <span class='ocrx_word' id='word_1_203' title='bbox 482 2588 545 2619; x_wconf 88' lang='lat' dir='ltr'><em>pro</em></span> <span class='ocrx_word' id='word_1_204' title='bbox 569 2577 748 2607; x_wconf 79' lang='lat' dir='ltr'><em>sceleribus</em></span> <span class='ocrx_word' id='word_1_205' title='bbox 771 2574 968 2619; x_wconf 81' lang='lat' dir='ltr'><em>cherlach.</em></span> 
     </span>
     <span class='ocr_line' id='line_1_36' title="bbox 94 2631 968 2676; baseline 0 -15"><span class='ocrx_word' id='word_1_206' title='bbox 94 2644 156 2674; x_wconf 87' lang='lat' dir='ltr'><em>pro</em></span> <span class='ocrx_word' id='word_1_207' title='bbox 167 2633 288 2662; x_wconf 85' lang='lat' dir='ltr'><em>scelere</em></span> <span class='ocrx_word' id='word_1_208' title='bbox 300 2633 372 2663; x_wconf 77' lang='lat' dir='ltr'><em>eius</em></span> <span class='ocrx_word' id='word_1_209' title='bbox 383 2655 405 2663; x_wconf 92' lang='lat'><em>..</em></span> <span class='ocrx_word' id='word_1_210' title='bbox 418 2633 547 2676; x_wconf 83' lang='lat' dir='ltr'><em>sibique</em></span> <span class='ocrx_word' id='word_1_211' title='bbox 560 2633 655 2663; x_wconf 87' lang='lat' dir='ltr'><em>illico</em></span> <span class='ocrx_word' id='word_1_212' title='bbox 672 2632 738 2663; x_wconf 78' lang='lat' dir='ltr'><em>telo</em></span> <span class='ocrx_word' id='word_1_213' title='bbox 754 2631 948 2663; x_wconf 82' lang='lat' dir='ltr'><em>Praecidit.</em></span> <span class='ocrx_word' id='word_1_214' title='bbox 960 2654 968 2661; x_wconf 89' lang='lat'><em>.</em></span> 
     </span>
     <span class='ocr_line' id='line_1_37' title="bbox 98 2686 970 2731; baseline -0.001 -13"><span class='ocrx_word' id='word_1_215' title='bbox 98 2689 258 2731; x_wconf 79' lang='lat' dir='ltr'><em>testisque</em></span> <span class='ocrx_word' id='word_1_216' title='bbox 282 2688 446 2730; x_wconf 78' lang='lat' dir='ltr'><em>chDusa.</em></span> <span class='ocrx_word' id='word_1_217' title='bbox 470 2687 567 2719; x_wconf 73' lang='lat' dir='ltr'><em>humo</em></span> <span class='ocrx_word' id='word_1_218' title='bbox 590 2689 730 2718; x_wconf 85' lang='lat' dir='ltr'><em>samiam</em></span> <span class='ocrx_word' id='word_1_219' title='bbox 754 2688 859 2718; x_wconf 83' lang='lat' dir='ltr'><em>Dusa.</em></span> <span class='ocrx_word' id='word_1_220' title='bbox 888 2686 970 2717; x_wconf 75' lang='lat' dir='ltr'><em>mihi</em></span> 
     </span>
     <span class='ocr_line' id='line_1_38' title="bbox 99 2743 970 2788; baseline 0.001 -15"><span class='ocrx_word' id='word_1_221' title='bbox 99 2745 164 2774; x_wconf 83' lang='lat' dir='ltr'><em>iam</em></span> <span class='ocrx_word' id='word_1_222' title='bbox 194 2755 282 2774; x_wconf 81' lang='lat' dir='ltr'><em>nunc</em></span> <span class='ocrx_word' id='word_1_223' title='bbox 313 2745 378 2775; x_wconf 86' lang='lat' dir='ltr'><em>telo</em></span> <span class='ocrx_word' id='word_1_224' title='bbox 402 2745 514 2788; x_wconf 79' lang='lat' dir='ltr'><em>inquit</em></span> <span class='ocrx_word' id='word_1_225' title='bbox 535 2744 691 2787; x_wconf 82' lang='lat' dir='ltr'><em>praecidi</em></span> <span class='ocrx_word' id='word_1_226' title='bbox 714 2756 739 2775; x_wconf 85' lang='lat' dir='ltr'><em>c.</em></span> <span class='ocrx_word' id='word_1_227' title='bbox 772 2743 970 2787; x_wconf 86' lang='lat' dir='ltr'><em>cherlach·</em></span> 
     </span>
     <span class='ocr_line' id='line_1_39' title="bbox 100 2794 968 2843; baseline -0.001 -12"><span class='ocrx_word' id='word_1_228' title='bbox 100 2794 309 2843; x_wconf 79' lang='lat' dir='ltr'><em>(pag-599.)</em></span> <span class='ocrx_word' id='word_1_229' title='bbox 333 2800 443 2843; x_wconf 81' lang='lat' dir='ltr'><em>inquit</em></span> <span class='ocrx_word' id='word_1_230' title='bbox 465 2811 526 2830; x_wconf 89' lang='lat' dir='ltr'><em>om.</em></span> <span class='ocrx_word' id='word_1_231' title='bbox 544 2799 711 2843; x_wconf 80' lang='lat' dir='ltr'><em>chDusa.</em></span> <span class='ocrx_word' id='word_1_232' title='bbox 733 2801 915 2839; x_wconf 78' lang='lat' dir='ltr'><em>praecessit</em></span> <span class='ocrx_word' id='word_1_233' title='bbox 932 2799 968 2830; x_wconf 84' lang='lat' dir='ltr'><em>J.</em></span> 
     </span>
     <span class='ocr_line' id='line_1_40' title="bbox 99 2854 969 2890; baseline -0.001 -3"><span class='ocrx_word' id='word_1_234' title='bbox 99 2856 211 2887; x_wconf 81' lang='lat' dir='ltr'><em>listris</em></span> <span class='ocrx_word' id='word_1_235' title='bbox 222 2856 285 2888; x_wconf 88' lang='lat' dir='ltr'><em>W.</em></span> <span class='ocrx_word' id='word_1_236' title='bbox 303 2856 348 2886; x_wconf 87' lang='lat' dir='ltr'><em>cf.</em></span> <span class='ocrx_word' id='word_1_237' title='bbox 367 2855 462 2886; x_wconf 86' lang='lat' dir='ltr'><em>Frut.</em></span> <span class='ocrx_word' id='word_1_238' title='bbox 486 2859 520 2886; x_wconf 88' lang='lat' dir='ltr'><em>et</em></span> <span class='ocrx_word' id='word_1_239' title='bbox 536 2855 632 2887; x_wconf 87' lang='lat' dir='ltr'><em>Guil.</em></span> <span class='ocrx_word' id='word_1_240' title='bbox 659 2854 744 2890; x_wconf 76' lang='lat'><em>5.5.</em></span> <span class='ocrx_word' id='word_1_241' title='bbox 773 2856 930 2886; x_wconf 79' lang='lat' dir='ltr'><em>virtutem</em></span> <span class='ocrx_word' id='word_1_242' title='bbox 944 2879 969 2886; x_wconf 87' lang='lat'><em>..</em></span> 
     </span>
     <span class='ocr_line' id='line_1_41' title="bbox 101 2909 968 2955; baseline -0.002 -13"><span class='ocrx_word' id='word_1_243' title='bbox 101 2912 228 2955; x_wconf 73' lang='lat' dir='ltr'><em>spernit</em></span> <span class='ocrx_word' id='word_1_244' title='bbox 250 2922 304 2954; x_wconf 79' lang='lat' dir='ltr'><em>pr.</em></span> <span class='ocrx_word' id='word_1_245' title='bbox 331 2909 463 2952; x_wconf 81' lang='lat' dir='ltr'><em>chrut.</em></span> <span class='ocrx_word' id='word_1_246' title='bbox 489 2923 543 2953; x_wconf 86' lang='lat' dir='ltr'><em>ap.</em></span> <span class='ocrx_word' id='word_1_247' title='bbox 570 2910 635 2942; x_wconf 80' lang='lat' dir='ltr'><em>Gr.</em></span> <span class='ocrx_word' id='word_1_248' title='bbox 665 2911 712 2942; x_wconf 90' lang='lat' dir='ltr'><em>II.</em></span> <span class='ocrx_word' id='word_1_249' title='bbox 744 2923 776 2953; x_wconf 87' lang='lat' dir='ltr'><em>p.</em></span> <span class='ocrx_word' id='word_1_250' title='bbox 803 2909 895 2943; x_wconf 73' lang='lat'><em>815.</em></span> <span class='ocrx_word' id='word_1_251' title='bbox 924 2911 968 2941; x_wconf 89' lang='lat' dir='ltr'><em>V.</em></span> 
     </span>
    </p>
   </div>
   <div class='ocr_carea' id='block_1_4' title="bbox 513 178 1630 220">
    <p class='ocr_par' dir='ltr' id='par_1_6' title="bbox 513 178 1630 220">
     <span class='ocr_line' id='line_1_42' title="bbox 513 178 1630 220; baseline 0.002 -3"><span class='ocrx_word' id='word_1_252' title='bbox 513 180 585 218; x_wconf 89' lang='lat' dir='ltr'><em>DE</em></span> <span class='ocrx_word' id='word_1_253' title='bbox 614 179 788 218; x_wconf 73' lang='lat' dir='ltr'><strong>VARIA</strong></span> <span class='ocrx_word' id='word_1_254' title='bbox 819 178 1279 219; x_wconf 83' lang='lat' dir='ltr'><strong>SIGNIFICATIONE</strong></span> <span class='ocrx_word' id='word_1_255' title='bbox 1309 181 1630 220; x_wconf 80' lang='lat' dir='ltr'><em>SERMONUM.</em></span> 
     </span>
    </p>
   </div>
   <div class='ocr_carea' id='block_1_5' title="bbox 1806 181 1891 218">
    <p class='ocr_par' dir='ltr' id='par_1_7' title="bbox 1806 181 1891 218">
     <span class='ocr_line' id='line_1_43' title="bbox 1806 181 1891 218; baseline 0 0"><span class='ocrx_word' id='word_1_256' title='bbox 1806 181 1891 218; x_wconf 79' lang='lat'><em>271</em></span> 
     </span>
    </p>
   </div>
   <div class='ocr_carea' id='block_1_6' title="bbox 1017 288 1902 1172">
    <p class='ocr_par' dir='ltr' id='par_1_8' title="bbox 1017 288 1902 1172">
     <span class='ocr_line' id='line_1_44' title="bbox 1023 288 1896 342; baseline -0.003 -16"><span class='ocrx_word' id='word_1_257' title='bbox 1023 290 1100 326; x_wconf 86' lang='lat' dir='ltr'><em>tius</em></span> <span class='ocrx_word' id='word_1_258' title='bbox 1126 290 1164 326; x_wconf 92' lang='lat' dir='ltr'><em>in</em></span> <span class='ocrx_word' id='word_1_259' title='bbox 1188 288 1400 326; x_wconf 83' lang='lat' dir='ltr'><em>Eunucho:</em></span> <span class='ocrx_word' id='word_1_260' title='bbox 1436 289 1502 326; x_wconf 83' lang='lat' dir='ltr'><em>ubi</em></span> <span class='ocrx_word' id='word_1_261' title='bbox 1522 290 1688 342; x_wconf 84' lang='lat' dir='ltr'><em>primum</em></span> <span class='ocrx_word' id='word_1_262' title='bbox 1712 288 1896 341; x_wconf 85' lang='lat' dir='ltr'><em>potuerit,</em></span> 
     </span>
     <span class='ocr_line' id='line_1_45' title="bbox 1023 358 1896 402; baseline 0.001 -7"><span class='ocrx_word' id='word_1_263' title='bbox 1023 371 1063 395; x_wconf 91' lang='lat' dir='ltr'><em>se</em></span> <span class='ocrx_word' id='word_1_264' title='bbox 1087 360 1145 396; x_wconf 85' lang='lat' dir='ltr'><em>illi</em></span> <span class='ocrx_word' id='word_1_265' title='bbox 1166 358 1366 402; x_wconf 82' lang='lat' dir='ltr'><em>subducet,</em></span> <span class='ocrx_word' id='word_1_266' title='bbox 1386 359 1476 396; x_wconf 85' lang='lat' dir='ltr'><em>scio.</em></span> <span class='ocrx_word' id='word_1_267' title='bbox 1508 358 1685 395; x_wconf 85' lang='lat' dir='ltr'><em>Lucilius</em></span> <span class='ocrx_word' id='word_1_268' title='bbox 1704 358 1769 395; x_wconf 87' lang='lat' dir='ltr'><em>lib.</em></span> <span class='ocrx_word' id='word_1_269' title='bbox 1792 372 1896 396; x_wconf 80' lang='lat' dir='ltr'>xxx:</span> 
     </span>
     <span class='ocr_line' id='line_1_46' title="bbox 1023 427 1893 481; baseline 0.001 -17"><span class='ocrx_word' id='word_1_270' title='bbox 1023 441 1096 464; x_wconf 84' lang='lat' dir='ltr'><em>neu</em></span> <span class='ocrx_word' id='word_1_271' title='bbox 1131 428 1200 481; x_wconf 84' lang='lat' dir='ltr'><em>qui</em></span> <span class='ocrx_word' id='word_1_272' title='bbox 1235 434 1272 465; x_wconf 91' lang='lat' dir='ltr'><em>te</em></span> <span class='ocrx_word' id='word_1_273' title='bbox 1307 428 1440 478; x_wconf 61' lang='lat' dir='ltr'><em>ignoro</em></span> <span class='ocrx_word' id='word_1_274' title='bbox 1474 427 1630 478; x_wconf 78' lang='lat' dir='ltr'><em>famulis</em></span> <span class='ocrx_word' id='word_1_275' title='bbox 1671 428 1893 465; x_wconf 87' lang='lat' dir='ltr'><em>subducere.</em></span> 
     </span>
     <span class='ocr_line' id='line_1_47' title="bbox 1023 496 1898 534; baseline 0.001 -1"><span class='ocrx_word' id='word_1_276' title='bbox 1023 496 1078 534; x_wconf 91' lang='lat' dir='ltr'><em>M.</em></span> <span class='ocrx_word' id='word_1_277' title='bbox 1099 496 1256 533; x_wconf 85' lang='lat' dir='ltr'><em>Tullius</em></span> <span class='ocrx_word' id='word_1_278' title='bbox 1277 497 1316 533; x_wconf 92' lang='lat' dir='ltr'><em>in</em></span> <span class='ocrx_word' id='word_1_279' title='bbox 1338 497 1572 533; x_wconf 84' lang='lat' dir='ltr'><em>Hortensio:</em></span> <span class='ocrx_word' id='word_1_280' title='bbox 1602 510 1655 533; x_wconf 87' lang='lat' dir='ltr'><em>an</em></span> <span class='ocrx_word' id='word_1_281' title='bbox 1673 510 1757 534; x_wconf 88' lang='lat' dir='ltr'><em>cum</em></span> <span class='ocrx_word' id='word_1_282' title='bbox 1769 497 1898 534; x_wconf 84' lang='lat' dir='ltr'><em>videat</em></span> 
     </span>
     <span class='ocr_line' id='line_1_48' title="bbox 1023 564 1897 618; baseline 0.002 -16"><span class='ocrx_word' id='word_1_283' title='bbox 1023 579 1082 602; x_wconf 89' lang='lat' dir='ltr'><em>me</em></span> <span class='ocrx_word' id='word_1_284' title='bbox 1097 571 1133 602; x_wconf 90' lang='lat' dir='ltr'><em>et</em></span> <span class='ocrx_word' id='word_1_285' title='bbox 1155 578 1254 602; x_wconf 85' lang='lat' dir='ltr'><em>meos</em></span> <span class='ocrx_word' id='word_1_286' title='bbox 1269 566 1433 608; x_wconf 83' lang='lat' dir='ltr'><em>comites,</em></span> <span class='ocrx_word' id='word_1_287' title='bbox 1459 564 1738 615; x_wconf 77' lang='lat' dir='ltr'><em>fortitudinem,</em></span> <span class='ocrx_word' id='word_1_288' title='bbox 1751 570 1897 618; x_wconf 71' lang='lat' dir='ltr'><em>mayni-</em></span> 
     </span>
     <span class='ocr_line' id='line_1_49' title="bbox 1023 634 1898 687; baseline 0.001 -16"><span class='ocrx_word' id='word_1_289' title='bbox 1023 635 1194 671; x_wconf 85' lang='lat' dir='ltr'><em>tudinem</em></span> <span class='ocrx_word' id='word_1_290' title='bbox 1212 634 1346 677; x_wconf 88' lang='lat' dir='ltr'><em>animi,</em></span> <span class='ocrx_word' id='word_1_291' title='bbox 1371 635 1614 687; x_wconf 86' lang='lat' dir='ltr'><em>patientiam,</em></span> <span class='ocrx_word' id='word_1_292' title='bbox 1630 637 1898 680; x_wconf 78' lang='lat' dir='ltr'><em>constantiam,</em></span> 
     </span>
     <span class='ocr_line' id='line_1_50' title="bbox 1017 702 1896 755; baseline 0.001 -15"><span class='ocrx_word' id='word_1_293' title='bbox 1017 704 1263 755; x_wconf 65' lang='lat' dir='ltr'><em>gravitatem,</em></span> <span class='ocrx_word' id='word_1_294' title='bbox 1269 702 1399 752; x_wconf 78' lang='lat' dir='ltr'><em>fidem,</em></span> <span class='ocrx_word' id='word_1_295' title='bbox 1412 705 1497 755; x_wconf 89' lang='lat' dir='ltr'><em>ipsa</em></span> <span class='ocrx_word' id='word_1_296' title='bbox 1506 716 1547 740; x_wconf 89' lang='lat' dir='ltr'><em>se</em></span> <span class='ocrx_word' id='word_1_297' title='bbox 1559 703 1747 741; x_wconf 87' lang='lat' dir='ltr'><em>subducat</em></span> <span class='ocrx_word' id='word_1_298' title='bbox 1756 704 1774 740; x_wconf 73' lang='lat' dir='ltr'><em>P</em></span> <span class='ocrx_word' id='word_1_299' title='bbox 1795 705 1896 742; x_wconf 88' lang='lat' dir='ltr'><em>Sub-</em></span> 
     </span>
     <span class='ocr_line' id='line_1_51' title="bbox 1023 773 1896 818; baseline 0.001 -8"><span class='ocrx_word' id='word_1_300' title='bbox 1023 773 1166 811; x_wconf 85' lang='lat' dir='ltr'><em>ducere</em></span> <span class='ocrx_word' id='word_1_301' title='bbox 1209 773 1324 810; x_wconf 80' lang='lat' dir='ltr'><em>etiam</em></span> <span class='ocrx_word' id='word_1_302' title='bbox 1367 786 1496 810; x_wconf 90' lang='lat' dir='ltr'><em>susum</em></span> <span class='ocrx_word' id='word_1_303' title='bbox 1536 773 1705 818; x_wconf 86' lang='lat' dir='ltr'><em>ducere,</em></span> <span class='ocrx_word' id='word_1_304' title='bbox 1752 775 1896 811; x_wconf 83' lang='lat' dir='ltr'><em>levare.</em></span> 
     </span>
     <span class='ocr_line' id='line_1_52' title="bbox 1025 842 1898 893; baseline 0.002 -15"><span class='ocrx_word' id='word_1_305' title='bbox 1025 842 1232 893; x_wconf 90' lang='lat' dir='ltr'><em>Turpilius</em></span> <span class='ocrx_word' id='word_1_306' title='bbox 1259 842 1510 880; x_wconf 81' lang='lat' dir='ltr'><em>Paraterusa:</em></span> <span class='ocrx_word' id='word_1_307' title='bbox 1540 856 1622 880; x_wconf 87' lang='lat' dir='ltr'><em>cum</em></span> <span class='ocrx_word' id='word_1_308' title='bbox 1649 843 1813 880; x_wconf 84' lang='lat' dir='ltr'><em>antehac</em></span> <span class='ocrx_word' id='word_1_309' title='bbox 1841 844 1898 880; x_wconf 84' lang='lat' dir='ltr'><em>vi-</em></span> 
     </span>
     <span class='ocr_line' id='line_1_53' title="bbox 1026 911 1898 957; baseline 0.001 -9"><span class='ocrx_word' id='word_1_310' title='bbox 1026 911 1162 948; x_wconf 88' lang='lat' dir='ltr'><em>debam</em></span> <span class='ocrx_word' id='word_1_311' title='bbox 1187 917 1294 949; x_wconf 85' lang='lat' dir='ltr'><em>stare</em></span> <span class='ocrx_word' id='word_1_312' title='bbox 1318 913 1455 956; x_wconf 59' lang='lat' dir='ltr'><em>tratetis,</em></span> <span class='ocrx_word' id='word_1_313' title='bbox 1481 912 1635 949; x_wconf 85' lang='lat' dir='ltr'><em>turbido</em></span> <span class='ocrx_word' id='word_1_314' title='bbox 1660 912 1795 957; x_wconf 85' lang='lat' dir='ltr'><em>Vultu,</em></span> <span class='ocrx_word' id='word_1_315' title='bbox 1812 913 1898 950; x_wconf 88' lang='lat' dir='ltr'><em>sub-</em></span> 
     </span>
     <span class='ocr_line' id='line_1_54' title="bbox 1027 981 1896 1031; baseline 0.002 -14"><span class='ocrx_word' id='word_1_316' title='bbox 1027 981 1152 1018; x_wconf 84' lang='lat' dir='ltr'><em>ductis</em></span> <span class='ocrx_word' id='word_1_317' title='bbox 1186 994 1269 1018; x_wconf 89' lang='lat' dir='ltr'><em>cum</em></span> <span class='ocrx_word' id='word_1_318' title='bbox 1300 982 1527 1031; x_wconf 82' lang='lat' dir='ltr'><em>superciliis,</em></span> <span class='ocrx_word' id='word_1_319' title='bbox 1559 994 1682 1018; x_wconf 83' lang='lat' dir='ltr'><em>senes.</em></span> <span class='ocrx_word' id='word_1_320' title='bbox 1726 982 1822 1019; x_wconf 84' lang='lat' dir='ltr'><em>Var-</em></span> <span class='ocrx_word' id='word_1_321' title='bbox 1850 991 1896 1019; x_wconf 85' lang='lat'><em>30</em></span> 
     </span>
     <span class='ocr_line' id='line_1_55' title="bbox 1026 1047 1899 1102; baseline 0.002 -15"><span class='ocrx_word' id='word_1_322' title='bbox 1026 1063 1071 1087; x_wconf 85' lang='lat' dir='ltr'><em>ro</em></span> <span class='ocrx_word' id='word_1_323' title='bbox 1112 1051 1275 1088; x_wconf 89' lang='lat' dir='ltr'><em>Heuren</em></span> <span class='ocrx_word' id='word_1_324' title='bbox 1327 1065 1371 1088; x_wconf 80' lang='lat' dir='ltr'><em>ae</em></span> <span class='ocrx_word' id='word_1_325' title='bbox 1400 1052 1513 1102; x_wconf 87' lang='lat' dir='ltr'><em>lopas</em></span> <span class='ocrx_word' id='word_1_326' title='bbox 1550 1055 1590 1088; x_wconf 84' lang='lat' dir='ltr'><em>to</em></span> <span class='ocrx_word' id='word_1_327' title='bbox 1638 1052 1755 1102; x_wconf 80' lang='lat' dir='ltr'><em>ponia</em></span> <span class='ocrx_word' id='word_1_328' title='bbox 1802 1047 1899 1102; x_wconf 76' lang='grc' dir='ltr'><strong><em>περὶ</em></strong></span> 
     </span>
     <span class='ocr_line' id='line_1_56' title="bbox 1026 1111 1902 1172; baseline 0.001 -15"><span class='ocrx_word' id='word_1_329' title='bbox 1026 1111 1315 1172; x_wconf 68' lang='grc' dir='ltr'><em>καθηκόντων.</em></span> <span class='ocrx_word' id='word_1_330' title='bbox 1362 1133 1429 1172; x_wconf 70' lang='lat' dir='ltr'><em>eqo</em></span> <span class='ocrx_word' id='word_1_331' title='bbox 1476 1133 1575 1158; x_wconf 86' lang='lat' dir='ltr'><em>unus</em></span> <span class='ocrx_word' id='word_1_332' title='bbox 1615 1121 1756 1158; x_wconf 80' lang='lat' dir='ltr'><em>scilicet</em></span> <span class='ocrx_word' id='word_1_333' title='bbox 1801 1123 1902 1158; x_wconf 87' lang='lat' dir='ltr'><em>anti-</em></span> 
     </span>
    </p>
   </div>
   <div class='ocr_carea' id='block_1_7' title="bbox 1027 1190 1900 1242">
    <p class='ocr_par' dir='ltr' id='par_1_9' title="bbox 1027 1190 1900 1242">
     <span class='ocr_line' id='line_1_57' title="bbox 1027 1190 1900 1242; baseline 0.003 -18"><span class='ocrx_word' id='word_1_334' title='bbox 1027 1202 1189 1242; x_wconf 78' lang='lat' dir='ltr'><em>quorum</em></span> <span class='ocrx_word' id='word_1_335' title='bbox 1227 1190 1420 1226; x_wconf 78' lang='lat' dir='ltr'><em>hominum</em></span> <span class='ocrx_word' id='word_1_336' title='bbox 1453 1190 1649 1226; x_wconf 81' lang='lat' dir='ltr'><em>subductis</em></span> <span class='ocrx_word' id='word_1_337' title='bbox 1687 1192 1900 1242; x_wconf 79' lang='lat' dir='ltr'><em>superciliis</em></span> 
     </span>
    </p>
   </div>
   <div class='ocr_carea' id='block_1_8' title="bbox 980 1252 1902 1311">
    <p class='ocr_par' dir='ltr' id='par_1_10' title="bbox 980 1252 1902 1311">
     <span class='ocr_line' id='line_1_58' title="bbox 980 1252 1902 1311; baseline 0.004 -19"><span class='ocrx_word' id='word_1_338' title='bbox 980 1278 984 1284; x_wconf 91' lang='lat'>·</span> <span class='ocrx_word' id='word_1_339' title='bbox 1026 1257 1152 1294; x_wconf 82' lang='lat' dir='ltr'><em>dicam</em></span> <span class='ocrx_word' id='word_1_340' title='bbox 1170 1253 1443 1311; x_wconf 76' lang='grc' dir='ltr'><strong><em>ταμησιὸνουν</em></strong></span> <span class='ocrx_word' id='word_1_341' title='bbox 1468 1252 1580 1306; x_wconf 76' lang='grc' dir='ltr'><strong>ἔχων.</strong></span> <span class='ocrx_word' id='word_1_342' title='bbox 1619 1259 1829 1297; x_wconf 83' lang='lat' dir='ltr'><em>Sallustius</em></span> <span class='ocrx_word' id='word_1_343' title='bbox 1863 1261 1902 1297; x_wconf 90' lang='lat' dir='ltr'><em>in</em></span> 
     </span>
    </p>
   </div>
   <div class='ocr_carea' id='block_1_9' title="bbox 1023 1326 1904 2354">
    <p class='ocr_par' dir='ltr' id='par_1_11' title="bbox 1023 1326 1904 1922">
     <span class='ocr_line' id='line_1_59' title="bbox 1026 1326 1902 1380; baseline 0.005 -17"><span class='ocrx_word' id='word_1_344' title='bbox 1026 1326 1240 1377; x_wconf 71' lang='lat' dir='ltr'><em>Iugurthae</em></span> <span class='ocrx_word' id='word_1_345' title='bbox 1266 1327 1392 1364; x_wconf 85' lang='lat' dir='ltr'><em>hello:</em></span> <span class='ocrx_word' id='word_1_346' title='bbox 1417 1329 1509 1365; x_wconf 90' lang='lat' dir='ltr'><em>dein</em></span> <span class='ocrx_word' id='word_1_347' title='bbox 1537 1334 1690 1366; x_wconf 83' lang='lat' dir='ltr'><em>cunctos</em></span> <span class='ocrx_word' id='word_1_348' title='bbox 1715 1326 1902 1380; x_wconf 79' lang='lat' dir='ltr'><em>(p.400.)</em></span> 
     </span>
     <span class='ocr_line' id='line_1_60' title="bbox 1023 1396 1900 1450; baseline 0.005 -18"><span class='ocrx_word' id='word_1_349' title='bbox 1023 1396 1136 1448; x_wconf 88' lang='lat' dir='ltr'><em>pleno</em></span> <span class='ocrx_word' id='word_1_350' title='bbox 1155 1397 1286 1448; x_wconf 65' lang='lat' dir='ltr'><em>gradu</em></span> <span class='ocrx_word' id='word_1_351' title='bbox 1307 1398 1347 1434; x_wconf 86' lang='lat' dir='ltr'><em>in</em></span> <span class='ocrx_word' id='word_1_352' title='bbox 1366 1398 1494 1435; x_wconf 89' lang='lat' dir='ltr'><em>collem</em></span> <span class='ocrx_word' id='word_1_353' title='bbox 1511 1398 1699 1436; x_wconf 85' lang='lat' dir='ltr'><em>subducit.</em></span> <span class='ocrx_word' id='word_1_354' title='bbox 1730 1399 1840 1450; x_wconf 77' lang='lat' dir='ltr'><em>Virg.</em></span> <span class='ocrx_word' id='word_1_355' title='bbox 1862 1400 1900 1436; x_wconf 87' lang='lat' dir='ltr'><em>in</em></span> 
     </span>
     <span class='ocr_line' id='line_1_61' title="bbox 1027 1466 1903 1521; baseline 0.003 -18"><span class='ocrx_word' id='word_1_356' title='bbox 1027 1466 1250 1504; x_wconf 85' lang='lat' dir='ltr'><em>Bucolicis:</em></span> <span class='ocrx_word' id='word_1_357' title='bbox 1286 1479 1366 1521; x_wconf 85' lang='lat' dir='ltr'><em>qua</em></span> <span class='ocrx_word' id='word_1_358' title='bbox 1394 1479 1434 1503; x_wconf 90' lang='lat' dir='ltr'><em>se</em></span> <span class='ocrx_word' id='word_1_359' title='bbox 1461 1467 1672 1505; x_wconf 88' lang='lat' dir='ltr'><em>subducere</em></span> <span class='ocrx_word' id='word_1_360' title='bbox 1699 1469 1809 1506; x_wconf 89' lang='lat' dir='ltr'><em>colles</em></span> <span class='ocrx_word' id='word_1_361' title='bbox 1836 1469 1903 1506; x_wconf 86' lang='lat' dir='ltr'><em>In-</em></span> 
     </span>
     <span class='ocr_line' id='line_1_62' title="bbox 1027 1535 1902 1589; baseline 0.001 -15"><span class='ocrx_word' id='word_1_362' title='bbox 1027 1537 1186 1589; x_wconf 79' lang='lat' dir='ltr'><em>cipiunt.</em></span> <span class='ocrx_word' id='word_1_363' title='bbox 1231 1535 1288 1573; x_wconf 87' lang='lat' dir='ltr'><em>M.</em></span> <span class='ocrx_word' id='word_1_364' title='bbox 1309 1536 1467 1574; x_wconf 88' lang='lat' dir='ltr'><em>Tullius</em></span> <span class='ocrx_word' id='word_1_365' title='bbox 1494 1536 1542 1573; x_wconf 88' lang='lat' dir='ltr'><em>de</em></span> <span class='ocrx_word' id='word_1_366' title='bbox 1568 1536 1718 1574; x_wconf 78' lang='lat' dir='ltr'><em>Officiis</em></span> <span class='ocrx_word' id='word_1_367' title='bbox 1744 1538 1811 1575; x_wconf 80' lang='lat' dir='ltr'><em>lib.</em></span> <span class='ocrx_word' id='word_1_368' title='bbox 1834 1552 1902 1575; x_wconf 91' lang='lat'>111:</span> 
     </span>
     <span class='ocr_line' id='line_1_63' title="bbox 1027 1605 1904 1662; baseline 0.003 -20"><span class='ocrx_word' id='word_1_369' title='bbox 1027 1606 1116 1643; x_wconf 76' lang='lat' dir='ltr'><em>kuic</em></span> <span class='ocrx_word' id='word_1_370' title='bbox 1128 1606 1209 1643; x_wconf 83' lang='lat' dir='ltr'><em>ille.-</em></span> <span class='ocrx_word' id='word_1_371' title='bbox 1220 1606 1380 1643; x_wconf 84' lang='lat' dir='ltr'><em>classem</em></span> <span class='ocrx_word' id='word_1_372' title='bbox 1387 1605 1792 1652; x_wconf 86' lang='lat' dir='ltr'><em>Lacedaemoniorum,</em></span> <span class='ocrx_word' id='word_1_373' title='bbox 1804 1621 1904 1662; x_wconf 87' lang='lat' dir='ltr'><em>quae</em></span> 
     </span>
     <span class='ocr_line' id='line_1_64' title="bbox 1027 1675 1903 1727; baseline 0.003 -15"><span class='ocrx_word' id='word_1_374' title='bbox 1027 1675 1213 1712; x_wconf 87' lang='lat' dir='ltr'><em>subducta</em></span> <span class='ocrx_word' id='word_1_375' title='bbox 1253 1681 1350 1712; x_wconf 86' lang='lat' dir='ltr'><em>esset</em></span> <span class='ocrx_word' id='word_1_376' title='bbox 1383 1676 1438 1712; x_wconf 88' lang='lat' dir='ltr'><em>ad</em></span> <span class='ocrx_word' id='word_1_377' title='bbox 1470 1675 1679 1727; x_wconf 73' lang='lat' dir='ltr'><em>Cytaeum,</em></span> <span class='ocrx_word' id='word_1_378' title='bbox 1716 1678 1813 1714; x_wconf 87' lang='lat' dir='ltr'><em>clam</em></span> <span class='ocrx_word' id='word_1_379' title='bbox 1845 1679 1903 1715; x_wconf 89' lang='lat' dir='ltr'><em>in-</em></span> 
     </span>
     <span class='ocr_line' id='line_1_65' title="bbox 1029 1744 1902 1797; baseline 0.003 -16"><span class='ocrx_word' id='word_1_380' title='bbox 1029 1745 1141 1781; x_wconf 86' lang='lat' dir='ltr'><em>cendi</em></span> <span class='ocrx_word' id='word_1_381' title='bbox 1159 1757 1283 1797; x_wconf 85' lang='lat' dir='ltr'><em>posse.</em></span> <span class='ocrx_word' id='word_1_382' title='bbox 1316 1744 1479 1782; x_wconf 81' lang='lat' dir='ltr'><em>Plautus</em></span> <span class='ocrx_word' id='word_1_383' title='bbox 1500 1748 1538 1782; x_wconf 88' lang='lat' dir='ltr'><em>in</em></span> <span class='ocrx_word' id='word_1_384' title='bbox 1549 1745 1772 1784; x_wconf 82' lang='lat' dir='ltr'><em>Aulularia:</em></span> <span class='ocrx_word' id='word_1_385' title='bbox 1800 1753 1843 1784; x_wconf 86' lang='lat' dir='ltr'><em>ut</em></span> <span class='ocrx_word' id='word_1_386' title='bbox 1861 1749 1902 1784; x_wconf 84' lang='lat' dir='ltr'><em>in</em></span> 
     </span>
     <span class='ocr_line' id='line_1_66' title="bbox 1024 1814 1902 1868; baseline 0.005 -18"><span class='ocrx_word' id='word_1_387' title='bbox 1024 1821 1139 1867; x_wconf 88' lang='lat' dir='ltr'><em>puteo</em></span> <span class='ocrx_word' id='word_1_388' title='bbox 1164 1827 1296 1851; x_wconf 84' lang='lat' dir='ltr'><em>cenam</em></span> <span class='ocrx_word' id='word_1_389' title='bbox 1325 1827 1504 1868; x_wconf 84' lang='lat' dir='ltr'><em>coquam.-</em></span> <span class='ocrx_word' id='word_1_390' title='bbox 1532 1814 1632 1852; x_wconf 89' lang='lat' dir='ltr'><em>Inde</em></span> <span class='ocrx_word' id='word_1_391' title='bbox 1652 1822 1794 1854; x_wconf 85' lang='lat' dir='ltr'><em>coctam</em></span> <span class='ocrx_word' id='word_1_392' title='bbox 1816 1829 1902 1853; x_wconf 89' lang='lat' dir='ltr'><em>sur-</em></span> 
     </span>
     <span class='ocr_line' id='line_1_67' title="bbox 1026 1883 1594 1922; baseline 0.002 -2"><span class='ocrx_word' id='word_1_393' title='bbox 1026 1897 1109 1920; x_wconf 86' lang='lat' dir='ltr'><em>sum</em></span> <span class='ocrx_word' id='word_1_394' title='bbox 1137 1883 1386 1921; x_wconf 86' lang='lat' dir='ltr'><em>subducemus</em></span> <span class='ocrx_word' id='word_1_395' title='bbox 1418 1883 1594 1922; x_wconf 73' lang='lat' dir='ltr'><em>cor-bulis.</em></span> 
     </span>
    </p>

    <p class='ocr_par' dir='ltr' id='par_1_12' title="bbox 1029 1953 1904 2283">
     <span class='ocr_line' id='line_1_68' title="bbox 1078 1953 1903 2006; baseline 0.004 -17"><span class='ocrx_word' id='word_1_396' title='bbox 1078 1953 1275 1990; x_wconf 69' lang='lat' dir='ltr'><em>Summus</em></span> <span class='ocrx_word' id='word_1_397' title='bbox 1297 1958 1358 1991; x_wconf 89' lang='lat' dir='ltr'><em>est</em></span> <span class='ocrx_word' id='word_1_398' title='bbox 1372 1953 1676 2004; x_wconf 81' lang='lat' dir='ltr'><em>obstupefactus.</em></span> <span class='ocrx_word' id='word_1_399' title='bbox 1695 1954 1903 2006; x_wconf 85' lang='lat' dir='ltr'><em>Stupidus,</em></span> 
     </span>
     <span class='ocr_line' id='line_1_69' title="bbox 1029 2019 1900 2076; baseline 0.003 -17"><span class='ocrx_word' id='word_1_400' title='bbox 1029 2022 1172 2060; x_wconf 90' lang='lat' dir='ltr'><em>stultus</em></span> <span class='ocrx_word' id='word_1_401' title='bbox 1202 2028 1241 2060; x_wconf 88' lang='lat' dir='ltr'><em>et</em></span> <span class='ocrx_word' id='word_1_402' title='bbox 1276 2023 1444 2074; x_wconf 86' lang='lat' dir='ltr'><em>iniquus.</em></span> <span class='ocrx_word' id='word_1_403' title='bbox 1481 2024 1610 2061; x_wconf 84' lang='lat' dir='ltr'><em>Varro</em></span> <span class='ocrx_word' id='word_1_404' title='bbox 1636 2020 1733 2076; x_wconf 77' lang='grc' dir='ltr'><em>περὶ</em></span> <span class='ocrx_word' id='word_1_405' title='bbox 1757 2019 1827 2062; x_wconf 77' lang='grc' dir='ltr'><em>ἕα-</em></span> <span class='ocrx_word' id='word_1_406' title='bbox 1857 2033 1900 2062; x_wconf 81' lang='lat'><em>10</em></span> 
     </span>
     <span class='ocr_line' id='line_1_70' title="bbox 1029 2089 1904 2146; baseline 0.003 -18"><span class='ocrx_word' id='word_1_407' title='bbox 1029 2089 1183 2145; x_wconf 73' lang='grc' dir='ltr'><em>γωγῆςι</em></span> <span class='ocrx_word' id='word_1_408' title='bbox 1211 2093 1479 2137; x_wconf 78' lang='lat' dir='ltr'><em>Andromeda,</em></span> <span class='ocrx_word' id='word_1_409' title='bbox 1497 2095 1628 2130; x_wconf 86' lang='lat' dir='ltr'><em>vincta</em></span> <span class='ocrx_word' id='word_1_410' title='bbox 1653 2099 1690 2130; x_wconf 91' lang='lat' dir='ltr'><em>et</em></span> <span class='ocrx_word' id='word_1_411' title='bbox 1707 2096 1904 2146; x_wconf 86' lang='lat' dir='ltr'><em>proposita</em></span> 
     </span>
     <span class='ocr_line' id='line_1_71' title="bbox 1030 2162 1902 2217; baseline 0.003 -19"><span class='ocrx_word' id='word_1_412' title='bbox 1030 2163 1124 2205; x_wconf 89' lang='lat' dir='ltr'><em>cito,</em></span> <span class='ocrx_word' id='word_1_413' title='bbox 1144 2175 1221 2198; x_wconf 85' lang='lat' dir='ltr'><em>non</em></span> <span class='ocrx_word' id='word_1_414' title='bbox 1245 2162 1375 2199; x_wconf 90' lang='lat' dir='ltr'><em>debuit</em></span> <span class='ocrx_word' id='word_1_415' title='bbox 1396 2164 1491 2216; x_wconf 90' lang='lat' dir='ltr'><em>pari</em></span> <span class='ocrx_word' id='word_1_416' title='bbox 1507 2176 1597 2207; x_wconf 88' lang='lat' dir='ltr'><em>suo,</em></span> <span class='ocrx_word' id='word_1_417' title='bbox 1620 2163 1764 2201; x_wconf 76' lang='lat' dir='ltr'><em>homini</em></span> <span class='ocrx_word' id='word_1_418' title='bbox 1781 2165 1902 2217; x_wconf 86' lang='lat' dir='ltr'><em>stupi-</em></span> 
     </span>
     <span class='ocr_line' id='line_1_72' title="bbox 1032 2231 1670 2283; baseline 0.003 -16"><span class='ocrx_word' id='word_1_419' title='bbox 1032 2231 1200 2274; x_wconf 83' lang='lat' dir='ltr'><em>dissimo,</em></span> <span class='ocrx_word' id='word_1_420' title='bbox 1226 2232 1268 2267; x_wconf 88' lang='lat' dir='ltr'><em>in</em></span> <span class='ocrx_word' id='word_1_421' title='bbox 1294 2244 1335 2268; x_wconf 88' lang='lat' dir='ltr'><em>os</em></span> <span class='ocrx_word' id='word_1_422' title='bbox 1360 2244 1498 2283; x_wconf 87' lang='lat' dir='ltr'><em>spuere</em></span> <span class='ocrx_word' id='word_1_423' title='bbox 1523 2232 1670 2269; x_wconf 79' lang='lat' dir='ltr'><em>vitam?</em></span> 
     </span>
    </p>

    <p class='ocr_par' dir='ltr' id='par_1_13' title="bbox 1085 2299 1904 2354">
     <span class='ocr_line' id='line_1_73' title="bbox 1085 2299 1904 2354; baseline 0.005 -17"><span class='ocrx_word' id='word_1_424' title='bbox 1085 2299 1306 2338; x_wconf 66' lang='lat' dir='ltr'><em>Sumen-2111:</em></span> <span class='ocrx_word' id='word_1_425' title='bbox 1334 2305 1394 2338; x_wconf 86' lang='lat' dir='ltr'><em>est</em></span> <span class='ocrx_word' id='word_1_426' title='bbox 1419 2314 1550 2338; x_wconf 89' lang='lat' dir='ltr'><em>susum</em></span> <span class='ocrx_word' id='word_1_427' title='bbox 1573 2303 1764 2354; x_wconf 84' lang='lat' dir='ltr'><em>aspicere.</em></span> <span class='ocrx_word' id='word_1_428' title='bbox 1793 2302 1904 2354; x_wconf 77' lang='lat' dir='ltr'><em>Virg.</em></span> 
     </span>
    </p>
   </div>
   <div class='ocr_carea' id='block_1_10' title="bbox 1032 2406 1909 2959">
    <p class='ocr_par' dir='ltr' id='par_1_14' title="bbox 1032 2406 1909 2959">
     <span class='ocr_line' id='line_1_74' title="bbox 1032 2406 1905 2450; baseline 0.009 -11"><span class='ocrx_word' id='word_1_429' title='bbox 1032 2406 1158 2450; x_wconf 76' lang='lat' dir='ltr'><em>p.585.</em></span> <span class='ocrx_word' id='word_1_430' title='bbox 1182 2409 1370 2439; x_wconf 79' lang='lat' dir='ltr'><em>virtuteius</em></span> <span class='ocrx_word' id='word_1_431' title='bbox 1380 2409 1473 2441; x_wconf 91' lang='lat' dir='ltr'><em>Guil.</em></span> <span class='ocrx_word' id='word_1_432' title='bbox 1485 2410 1575 2442; x_wconf 80' lang='lat' dir='ltr'><em>Scal.</em></span> <span class='ocrx_word' id='word_1_433' title='bbox 1589 2412 1632 2442; x_wconf 82' lang='lat' dir='ltr'><em>ad</em></span> <span class='ocrx_word' id='word_1_434' title='bbox 1643 2412 1741 2443; x_wconf 81' lang='lat' dir='ltr'><em>Varr.</em></span> <span class='ocrx_word' id='word_1_435' title='bbox 1759 2413 1800 2444; x_wconf 81' lang='lat' dir='ltr'><em>R.</em></span> <span class='ocrx_word' id='word_1_436' title='bbox 1815 2413 1858 2445; x_wconf 83' lang='lat' dir='ltr'><em>R.</em></span> <span class='ocrx_word' id='word_1_437' title='bbox 1873 2424 1905 2448; x_wconf 77' lang='lat' dir='ltr'><em>to</em></span> 
     </span>
     <span class='ocr_line' id='line_1_75' title="bbox 1033 2462 1902 2505; baseline 0.009 -12"><span class='ocrx_word' id='word_1_438' title='bbox 1033 2462 1112 2505; x_wconf 60' lang='lat'><em>21).</em></span> <span class='ocrx_word' id='word_1_439' title='bbox 1127 2462 1189 2494; x_wconf 79' lang='grc'><em>74.</em></span> <span class='ocrx_word' id='word_1_440' title='bbox 1213 2464 1339 2494; x_wconf 79' lang='lat' dir='ltr'><em>virtute</em></span> <span class='ocrx_word' id='word_1_441' title='bbox 1362 2462 1400 2498; x_wconf 89' lang='lat' dir='ltr'><em>(i.</em></span> <span class='ocrx_word' id='word_1_442' title='bbox 1416 2476 1442 2496; x_wconf 88' lang='lat' dir='ltr'><em>e.</em></span> <span class='ocrx_word' id='word_1_443' title='bbox 1463 2462 1603 2501; x_wconf 84' lang='lat' dir='ltr'><em>robore.)</em></span> <span class='ocrx_word' id='word_1_444' title='bbox 1635 2474 1820 2499; x_wconf 77' lang='lat' dir='ltr'><em>nascuntur</em></span> <span class='ocrx_word' id='word_1_445' title='bbox 1838 2470 1902 2501; x_wconf 90' lang='lat' dir='ltr'><em>W.</em></span> 
     </span>
     <span class='ocr_line' id='line_1_76' title="bbox 1032 2518 1901 2563; baseline 0.009 -14"><span class='ocrx_word' id='word_1_446' title='bbox 1032 2518 1330 2550; x_wconf 83' lang='lat' dir='ltr'><strong><em>SUBDUCERE</em></strong></span> <span class='ocrx_word' id='word_1_447' title='bbox 1345 2532 1442 2563; x_wconf 84' lang='lat' dir='ltr'><em>supp.</em></span> <span class='ocrx_word' id='word_1_448' title='bbox 1466 2520 1552 2552; x_wconf 82' lang='lat' dir='ltr'><em>J.M.</em></span> <span class='ocrx_word' id='word_1_449' title='bbox 1574 2524 1721 2554; x_wconf 81' lang='lat' dir='ltr'><em>rationes</em></span> <span class='ocrx_word' id='word_1_450' title='bbox 1746 2525 1839 2557; x_wconf 84' lang='lat' dir='ltr'><em>subd.</em></span> <span class='ocrx_word' id='word_1_451' title='bbox 1864 2525 1901 2557; x_wconf 83' lang='lat' dir='ltr'><em>J.</em></span> 
     </span>
     <span class='ocr_line' id='line_1_77' title="bbox 1034 2575 1905 2625; baseline 0.011 -21"><span class='ocrx_word' id='word_1_452' title='bbox 1034 2575 1093 2618; x_wconf 85' lang='lat' dir='ltr'><em>qui</em></span> <span class='ocrx_word' id='word_1_453' title='bbox 1116 2587 1146 2605; x_wconf 87' lang='lat' dir='ltr'><em>a.</em></span> <span class='ocrx_word' id='word_1_454' title='bbox 1170 2587 1197 2605; x_wconf 84' lang='lat' dir='ltr'><em>e.</em></span> <span class='ocrx_word' id='word_1_455' title='bbox 1218 2575 1347 2618; x_wconf 79' lang='lat' dir='ltr'><em>poteris</em></span> <span class='ocrx_word' id='word_1_456' title='bbox 1373 2575 1437 2607; x_wconf 86' lang='lat' dir='ltr'><em>Or.</em></span> <span class='ocrx_word' id='word_1_457' title='bbox 1462 2588 1553 2608; x_wconf 85' lang='lat' dir='ltr'><em>amor</em></span> <span class='ocrx_word' id='word_1_458' title='bbox 1568 2578 1640 2621; x_wconf 78' lang='lat' dir='ltr'><em>ipse</em></span> <span class='ocrx_word' id='word_1_459' title='bbox 1663 2579 1769 2612; x_wconf 78' lang='lat' dir='ltr'><em>Merc.</em></span> <span class='ocrx_word' id='word_1_460' title='bbox 1799 2581 1846 2613; x_wconf 88' lang='lat' dir='ltr'><em>cf.</em></span> <span class='ocrx_word' id='word_1_461' title='bbox 1872 2594 1905 2625; x_wconf 92' lang='lat' dir='ltr'><em>p.</em></span> 
     </span>
     <span class='ocr_line' id='line_1_78' title="bbox 1034 2629 1906 2678; baseline 0.008 -17"><span class='ocrx_word' id='word_1_462' title='bbox 1034 2630 1125 2665; x_wconf 82' lang='lat'><em>551,</em></span> <span class='ocrx_word' id='word_1_463' title='bbox 1150 2629 1213 2661; x_wconf 76' lang='lat'><em>25.</em></span> <span class='ocrx_word' id='word_1_464' title='bbox 1248 2631 1324 2674; x_wconf 84' lang='lat' dir='ltr'><em>quis</em></span> <span class='ocrx_word' id='word_1_465' title='bbox 1349 2637 1378 2662; x_wconf 84' lang='lat' dir='ltr'><em>te</em></span> <span class='ocrx_word' id='word_1_466' title='bbox 1414 2632 1546 2674; x_wconf 69' lang='lat' dir='ltr'><em>islnoret</em></span> <span class='ocrx_word' id='word_1_467' title='bbox 1578 2634 1612 2665; x_wconf 81' lang='lat' dir='ltr'><em>J.</em></span> <span class='ocrx_word' id='word_1_468' title='bbox 1652 2637 1767 2678; x_wconf 80' lang='lat' dir='ltr'><em>nequit</em></span> <span class='ocrx_word' id='word_1_469' title='bbox 1800 2642 1831 2667; x_wconf 81' lang='lat' dir='ltr'><em>te</em></span> <span class='ocrx_word' id='word_1_470' title='bbox 1869 2648 1906 2673; x_wconf 87' lang='lat'><em>20</em></span> 
     </span>
     <span class='ocr_line' id='line_1_79' title="bbox 1035 2680 1906 2737; baseline 0.009 -21"><span class='ocrx_word' id='word_1_471' title='bbox 1035 2688 1154 2730; x_wconf 61' lang='lat' dir='ltr'><em>ignaro</em></span> <span class='ocrx_word' id='word_1_472' title='bbox 1179 2686 1378 2729; x_wconf 80' lang='lat' dir='ltr'><em>cherlach.</em></span> <span class='ocrx_word' id='word_1_473' title='bbox 1403 2680 1492 2731; x_wconf 67' lang='grc' dir='ltr'><em>εὗρεν</em></span> <span class='ocrx_word' id='word_1_474' title='bbox 1511 2687 1528 2729; x_wconf 77' lang='grc' dir='ltr'><strong><em>ἧ</em></strong></span> <span class='ocrx_word' id='word_1_475' title='bbox 1545 2687 1647 2726; x_wconf 76' lang='grc' dir='ltr'><em>λοπάς</em></span> <span class='ocrx_word' id='word_1_476' title='bbox 1660 2687 1699 2722; x_wconf 77' lang='grc' dir='ltr'><em>τό</em></span> <span class='ocrx_word' id='word_1_477' title='bbox 1716 2692 1818 2732; x_wconf 82' lang='grc' dir='ltr'><em>πῶμα</em></span> <span class='ocrx_word' id='word_1_478' title='bbox 1830 2695 1906 2737; x_wconf 77' lang='grc' dir='ltr'><em>περὶ</em></span> 
     </span>
     <span class='ocr_line' id='line_1_80' title="bbox 1035 2740 1903 2785; baseline 0.012 -14"><span class='ocrx_word' id='word_1_479' title='bbox 1035 2740 1242 2782; x_wconf 74' lang='grc' dir='ltr'><em>καθηκόντων</em></span> <span class='ocrx_word' id='word_1_480' title='bbox 1255 2740 1271 2781; x_wconf 81' lang='grc' dir='ltr'><em>ἢ</em></span> <span class='ocrx_word' id='word_1_481' title='bbox 1286 2742 1510 2783; x_wconf 77' lang='grc' dir='ltr'><em>γεγαμηκότων</em></span> <span class='ocrx_word' id='word_1_482' title='bbox 1522 2745 1614 2777; x_wconf 84' lang='lat' dir='ltr'><em>Scal.</em></span> <span class='ocrx_word' id='word_1_483' title='bbox 1627 2747 1778 2779; x_wconf 76' lang='lat' dir='ltr'><em>cf.Turn.</em></span> <span class='ocrx_word' id='word_1_484' title='bbox 1791 2748 1854 2785; x_wconf 79' lang='lat'><em>29,</em></span> <span class='ocrx_word' id='word_1_485' title='bbox 1867 2749 1903 2781; x_wconf 76' lang='lat'><em>2.</em></span> 
     </span>
     <span class='ocr_line' id='line_1_81' title="bbox 1036 2799 1906 2847; baseline 0.009 -20"><span class='ocrx_word' id='word_1_486' title='bbox 1036 2809 1072 2828; x_wconf 88' lang='grc' dir='ltr'><em>π.</em></span> <span class='ocrx_word' id='word_1_487' title='bbox 1090 2801 1154 2828; x_wconf 79' lang='grc' dir='ltr'><em>τῶν</em></span> <span class='ocrx_word' id='word_1_488' title='bbox 1167 2810 1315 2838; x_wconf 73' lang='grc' dir='ltr'><em>μιμητων</em></span> <span class='ocrx_word' id='word_1_489' title='bbox 1327 2799 1498 2842; x_wconf 82' lang='lat' dir='ltr'><em>chopma.</em></span> <span class='ocrx_word' id='word_1_490' title='bbox 1525 2800 1666 2842; x_wconf 77' lang='grc' dir='ltr'><em>Θάλητος</em></span> <span class='ocrx_word' id='word_1_491' title='bbox 1686 2806 1760 2834; x_wconf 79' lang='grc' dir='ltr'><em>νσῦν</em></span> <span class='ocrx_word' id='word_1_492' title='bbox 1772 2803 1858 2847; x_wconf 79' lang='grc' dir='ltr'><em>ἔχων</em></span> <span class='ocrx_word' id='word_1_493' title='bbox 1870 2814 1906 2839; x_wconf 83' lang='grc' dir='ltr'><em>3ο</em></span> 
     </span>
     <span class='ocr_line' id='line_1_82' title="bbox 1035 2853 1909 2903; baseline 0.009 -19"><span class='ocrx_word' id='word_1_494' title='bbox 1035 2854 1144 2885; x_wconf 88' lang='lat' dir='ltr'><em>Turn.</em></span> <span class='ocrx_word' id='word_1_495' title='bbox 1166 2853 1229 2890; x_wconf 79' lang='lat'><em>29,</em></span> <span class='ocrx_word' id='word_1_496' title='bbox 1251 2854 1287 2886; x_wconf 76' lang='lat'><em>2.</em></span> <span class='ocrx_word' id='word_1_497' title='bbox 1312 2860 1460 2897; x_wconf 80' lang='grc' dir='ltr'><em>ταμιεῖον</em></span> <span class='ocrx_word' id='word_1_498' title='bbox 1482 2860 1622 2901; x_wconf 78' lang='grc' dir='ltr'><em>συνέχων</em></span> <span class='ocrx_word' id='word_1_499' title='bbox 1643 2858 1677 2891; x_wconf 80' lang='lat' dir='ltr'><em>J.</em></span> <span class='ocrx_word' id='word_1_500' title='bbox 1698 2860 1841 2903; x_wconf 81' lang='lat' dir='ltr'><em>Popma.</em></span> <span class='ocrx_word' id='word_1_501' title='bbox 1864 2857 1909 2892; x_wconf 71' lang='lat' dir='ltr'><em>‘ca&#39;</em></span> 
     </span>
     <span class='ocr_line' id='line_1_83' title="bbox 1035 2911 1902 2959; baseline 0.01 -19"><span class='ocrx_word' id='word_1_502' title='bbox 1035 2912 1168 2950; x_wconf 66' lang='lat' dir='ltr'><em>prsrt‘rov</em></span> <span class='ocrx_word' id='word_1_503' title='bbox 1177 2911 1252 2943; x_wconf 82' lang='grc' dir='ltr'><strong><em>νοῦν</em></strong></span> <span class='ocrx_word' id='word_1_504' title='bbox 1263 2911 1349 2954; x_wconf 77' lang='grc' dir='ltr'><em>ἔχων</em></span> <span class='ocrx_word' id='word_1_505' title='bbox 1358 2914 1448 2955; x_wconf 75' lang='lat' dir='ltr'><em>ng.</em></span> <span class='ocrx_word' id='word_1_506' title='bbox 1463 2914 1630 2955; x_wconf 73' lang='lat' dir='ltr'><em>thlwum</em></span> <span class='ocrx_word' id='word_1_507' title='bbox 1643 2916 1733 2957; x_wconf 80' lang='lat' dir='ltr'><em>ng.</em></span> <span class='ocrx_word' id='word_1_508' title='bbox 1746 2912 1902 2959; x_wconf 79' lang='lat' dir='ltr'><em>(p.400.)</em></span> 
     </span>
    </p>
   </div>
  </div>
 </body>
</html>
