2174 3267
267 123 357 162 2⁷0

266 231 528 267 Historiarum
552 229 618 267 lib.
635 243 678 266 v:
706 230 802 267 sella
823 243 998 281 surqere,
1022 237 1139 282 caput

263 301 415 351 aperire
445 299 607 335 solitam.
651 299 864 337 Terentius
899 300 939 336 in
963 298 1138 337 Adelfis:

264 374 305 405 ut
335 368 466 405 triduo
495 368 564 405 hoc
585 375 770 422 perpetuo
790 364 1018 421 prorsum'e
1043 368 1138 406 lecto

263 443 429 490 nequeat
443 450 613 488 sut-yere.
628 438 735 488 Virg.
752 437 818 475 lib.
837 451 918 475 vnn
930 451 938 473 ε
951 438 1078 489 surgit
1087 443 1138 481 et,

262 506 428 543 aetherii
449 513 628 558 spectans
652 507 819 544 orientia
845 507 934 544 solis
951 506 1135 544 Lumina.

314 576 479 613 SACRUM
508 581 567 612 est
594 581 784 613 sacratum
811 576 872 612 vel
899 576 1137 626 religiosum.

265 644 375 693 Virg.
412 645 478 682 lib.
502 659 563 681 v1:
607 644 816 699 Cererique
845 658 999 682 sacrum
1024 644 1137 681 Pole-

261 713 407 750 boeten.
449 714 500 750 Et
527 715 566 751 in
593 714 659 751 lib.
682 728 756 751 vu:
784 720 1051 767 sceptrumque
1074 726 1137 750 sa-

265 791 310 820 20
340 796 479 837 cerque
501 784 642 820 tiaras.
681 784 843 821 Sacrum
870 784 987 820 etiam
1013 784 1136 820 scele-

262 859 364 890 stum
383 858 422 890 et
438 852 698 897 detestabile3
726 854 780 890 ita
796 857 835 889 et
856 857 1135 890 consecratum.

262 922 445 960 Afranius
462 922 688 959 Fratribus:
710 935 731 959 ο
745 935 899 959 sacrum
913 935 1137 959 succurram

261 997 298 1028 et
322 992 478 1029 malum!
507 992 670 1030 Plautus
689 992 890 1030 Poenulo:
917 992 1051 1029 vendit
1073 1004 1137 1029 eas

261 1061 391 1103 crinis,
414 1066 450 1098 et
471 1063 657 1099 nutricem
690 1067 726 1098 et
755 1062 917 1112 viryinis
928 1062 1141 1099 Praesenti

261 1136 422 1180 atssqento
442 1131 597 1176 homini,
623 1133 659 1168 si
680 1132 764 1168 leno
783 1138 840 1168 est
860 1131 981 1175 homo,
1003 1131 1137 1179 Quan-

260 1205 340 1236 tum
355 1199 546 1237 hominum
570 1205 698 1237 terras
719 1202 896 1243 sustinet,
914 1202 1135 1239 sacerrimo.

263 1269 475 1320 Virgilius:
513 1271 607 1307 auri
634 1282 750 1307 sacra
782 1269 926 1320 fames!
960 1269 1137 1308 Lucilius

261 1339 488 1391 Satyrarum
521 1340 588 1376 lib.
613 1353 688 1376 xv:
737 1352 783 1376 ac
814 1340 863 1376 de
897 1340 989 1376 istos
1027 1352 1139 1377 sacer

259 1408 360 1445 illoto
387 1407 501 1459 colf'os
524 1421 574 1444 ax
596 1407 783 1459 sirof'enix
809 1407 916 1455 Quid
932 1408 1064 1458 facere
1082 1414 1139 1445 est

258 1477 417 1514 solitus?
447 1477 653 1528 Turpilius
665 1476 888 1513 Demetrio:
918 1478 1055 1514 setiam
1080 1491 1139 1514 me

260 1547 445 1589 irridens,
478 1546 640 1596 pessime
679 1558 727 1582 ac
761 1546 997 1582 sacerrime?
1029 1547 1139 1584 Idem

263 1624 308 1654 30
333 1616 464 1652 India:
494 1615 631 1652 abhinc
656 1616 864 1652 triennium
889 1617 1140 1653 sacen-imum

260 1686 488 1723 domicilium
525 1685 594 1721 lioc
635 1685 794 1738 quidam
833 1686 992 1722 contulit
1035 1686 1134 1723 leno.

261 1756 388 1793 Varro
416 1755 522 1806 Lege
552 1755 695 1792 Minia:
732 1755 882 1806 signati
906 1768 1022 1792 sacra
1058 1768 1139 1792 esse

260 1826 472 1869 desierunt,
483 1830 735 1879 posteaquam
749 1825 917 1862 homines
927 1831 1019 1862 sunt
1029 1824 1137 1876 sacti.

261 1892 314 1946 (p.
328 1891 448 1939 598.)
505 1894 644 1932 Samen
673 1894 857 1932 dicuntur
878 1895 1036 1946 proprie
1053 1896 1135 1932 vul-

260 1965 398 2009 nerati,
421 1978 499 2001 non
512 1965 641 2009 mesti,
657 1964 772 2001 sicuti
786 1965 868 2001 vult
881 1965 1137 2002 consuetudo.

259 2035 403 2072 Accius
418 2034 449 2070 F
455 2034 619 2071 oeuissis
629 2050 639 2070 .·
655 2034 719 2070 ubi
732 2048 835 2071 ‘tuine
850 2040 979 2071 vestra
989 2036 1138 2072 moenia

259 2105 379 2141 omnis
386 2116 457 2140 sau
463 2103 720 2146 ciosConvisit‚
730 2108 772 2140 ut
781 2109 967 2140 ctu-entur
974 2104 1135 2156 diligen·

260 2175 351 2210 tius.
377 2173 581 2222 Turpilius
598 2172 802 2223 Epiclero:
828 2175 1137 2224 patrocinantem

261 2242 325 2280 ubi
347 2241 494 2293 factum
515 2241 706 2278 audiverit
725 2243 893 2279 saucius.
922 2242 1133 2281 Sallustius

263 2362 448 2405 10sufferre'
459 2359 610 2402 cjflerm.
626 2372 681 2403 op.
693 2361 734 2392 V.
749 2374 779 2404 p.
791 2361 881 2393 285.
908 2362 1135 2406 Polyphoeten

261 2428 294 2452 20
320 2417 418 2457 Vin-g.
443 2428 592 2447 scurram
619 2417 712 2456 vulg.
740 2430 767 2447 r.
793 2417 854 2448 has
878 2430 986 2449 ouranos
1011 2419 1136 2450 Miller.

258 2478 348 2504 terra
373 2473 464 2514 vulg.
489 2473 701 2503 sacerrimum
726 2473 878 2516 chosta.
910 2474 1134 2517 saxyrophoe-

258 2529 319 2559 nix
344 2529 387 2560 B.
412 2528 560 2559 audistis
581 2540 672 2559 sacer
698 2530 758 2560 ille
781 2529 875 2564 τόκος
898 2530 1041 2573 Syphax
1056 2530 1133 2572 Syr.

259 2586 348 2627 [ng-J.
373 2586 437 2615 isto
450 2596 543 2615 sacer
560 2586 656 2615 illoto
674 2587 757 2616 collo
773 2598 811 2616 ac
826 2586 970 2629 Sip-oph.
990 2586 1132 2629 churn.

260 2640 323 2675 29,
343 2639 377 2671 2.
410 2642 474 2671 isto
493 2651 586 2670 sacer
604 2641 663 2671 ille
684 2641 867 2685 tocuqufiis
891 2654 930 2673 ac
946 2642 980 2673 S.
1004 2641 1132 2685 choth

256 2707 290 2731 3ο
306 2696 512 2740 prGerlaeh.
536 2696 599 2726 liuc
624 2708 655 2740 q.
682 2697 792 2730 Turn.
818 2699 916 2740 siqua
940 2704 1010 2729 tum
1034 2710 1131 2730 sacra

257 2752 387 2795 chips.
415 2753 496 2784 Ant.
524 2753 600 2784 lect.
631 2753 662 2790 1,
681 2752 737 2784 18.
761 2755 898 2796 siquam
921 2753 1014 2786 585.
1032 2756 1129 2786 Frut.

258 2810 400 2852 Popma.
425 2808 458 2841 Ιι.
481 2810 571 2850 facti
594 2822 622 2841 S.
648 2812 738 2841 sacri
761 2810 891 2853 chrut.
916 2823 970 2854 ap.
1000 2810 1127 2842 ΕΒΗ.

260 2860 424 2907 (p.598.)
439 2864 570 2908 p.841.
597 2866 664 2896 obit
678 2877 764 2897 nunc
777 2865 914 2907 cherc.
933 2867 1126 2898 Patroclum

900 124 1106 162 NONIUS
1132 125 1463 165 MARCELLUS

1201 232 1304 269 Hist.
1326 231 1393 269 lib.
1410 245 1458 269 n:
1487 232 1703 286 avidisque,
1722 234 1778 269 ita
1796 233 1982 284 promptis
1997 232 2070 269 du-

1199 300 1316 343 cibus,
1341 306 1382 337 ut
1394 296 1569 338 Metellus
1590 303 1666 338 ictu
1680 302 1858 353 traqulae
1875 302 2071 338 sauciare-

1200 375 1279 406 tur.
1307 369 1417 420 Virg.
1435 370 1473 406 in
1489 371 1586 407 Aen.
1604 370 1671 407 lib.
1685 385 1730 407 11:
1755 371 1878 424 qualis
1894 372 2072 422 mttqz’trcs,

2020 438 2072 476 Et

1202 507 1268 543 lib.
1290 520 1366 544 vu:
1405 510 1559 545 saucius
1590 514 1633 546 at
1660 510 1882 563 quadrupes
1906 515 1997 545 nota
2027 516 2068 545 10

1199 437 1302 488 fuqit
1337 452 1419 475 cum
1454 440 1608 477 saucius
1644 453 1753 477 aram
1793 441 1960 477 Taurus.

1202 577 1310 613 intra
1333 581 1433 613 tecta
1458 576 1617 629 refugit.
1649 577 1772 615 Varro
1798 579 1846 615 de
1874 579 1950 615 vita
1967 577 2010 614 P.
2026 577 2072 614 R.

1204 645 1270 682 lib.
1294 659 1371 683 1111:
1401 647 1533 701 itaque
1550 648 1674 684 multis
1695 647 1834 684 civibus
1850 661 1896 684 ex
1910 652 2075 700 utraque

1197 720 1313 767 parte
1339 717 1496 760 sauciis,
1523 717 1648 753 multis
1677 717 1807 754 occisis
1833 716 2007 766 sufflatur.

1254 784 1497 822 Sur-»mmm
1539 785 1743 823 dicebatur
1780 785 1974 822 damnatio
2013 784 2072 821 vel

1204 866 1341 904 poena.
1371 854 1479 906 virg.
1498 855 1537 891 in
1555 856 1656 892 Aen.
1679 854 1745 891 lib.
1765 867 1842 891 1111:
1873 855 2009 897 medii,
2042 856 2078 891 si

1201 922 1298 975 quid
1314 923 1384 975 pia
1405 925 1565 960 numina
1580 929 1755 975 possunt,
1770 922 1967 976 Supplicia
1979 923 2075 959 hau-

1201 1005 1335 1028 surum
1351 993 1527 1045 scopulis.
1559 992 1805 1044 Supplicium
1826 1006 1960 1030 rursus
1986 1005 2076 1042 sup-

1203 1062 1378 1113 plicatio.
1417 1063 1629 1101 Sallustius
1664 1063 1704 1099 in
1728 1062 1922 1100 Catilinae
1946 1061 2073 1099 bello:

1202 1133 1242 1168 in
1274 1131 1466 1183 suppliciis
1495 1132 1654 1168 deorum
1687 1130 1892 1183 maynifici.
1934 1131 2078 1168 Accius

1203 1200 1403 1252 Epigona:
1432 1215 1534 1238 nunc
1555 1214 1762 1254 pergamus
1781 1201 1978 1253 suppliciis
1991 1200 2076 1251 pla-

1203 1282 1296 1306 cans
1318 1270 1494 1307 caelitum
1513 1283 1607 1307 aras
1625 1271 1809 1323 expleam.
1831 1270 2017 1307 Afranius
2030 1277 2075 1307 20

1202 1339 1379 1377 Fratres:
1391 1339 1535 1376 nullam
1541 1339 1715 1391 profecto
1724 1339 1869 1376 accessi
1885 1339 1938 1376 acl
1949 1352 2077 1381 aram,

1202 1410 1296 1461 quin
1308 1408 1396 1445 deos
1408 1408 1627 1461 Suppliciis,
1642 1413 1809 1461 sumptu,
1828 1410 1945 1452 vatis,
1956 1407 2078 1451 donis,

1199 1478 1389 1531 precibus,
1405 1479 1578 1531 plorans,
1595 1478 1812 1522 obsecrans,
1829 1477 2077 1531 Nequiquam

1202 1548 1464 1600 defetigarem.

1254 1618 1414 1654 Sauum
1439 1621 1498 1654 est
1518 1621 1693 1654 testeum.
1721 1615 1897 1653 Lucilius
1918 1616 2077 1666 Satyra-

1200 1700 1285 1724 rum
1310 1686 1376 1724 lib.
1400 1699 1489 1723 xm:
1529 1691 1567 1723 et
1590 1699 1667 1721 non
1689 1686 1932 1738 pauperitiae
1951 1684 2078 1723 Samio

1201 1762 1385 1810 curtoque
1412 1756 1553 1792 catino.
1585 1755 1640 1792 Μ.
1663 1754 1818 1792 Tullius
1849 1754 1898 1792 de
1922 1755 1984 1794 Re
2007 1769 2076 1805 pu-

1200 1825 1304 1863 blica
1339 1825 1408 1862 lib.
1440 1839 1501 1862 111:
1545 1830 1581 1862 et
1616 1838 1693 1861 nou
1726 1837 1878 1878 pauper
1911 1826 1970 1862 uti
1990 1837 2076 1862 ora-

1199 1897 1271 1940 tio,
1301 1900 1340 1933 et
1372 1895 1412 1932 in
1448 1894 1514 1932 lib.
1537 1909 1592 1931 vi:
1631 1894 1768 1939 Laeli,
1800 1909 1916 1949 quam
1950 1906 2076 1932 omnes

1200 1964 1378 2002 habemus
1404 1966 1445 2002 in
1461 1964 1649 2008 manibus,
1663 1977 1778 2018 quam
1802 1965 1966 2016 simpuia
1979 1977 2073 2014 pon-

1199 2034 1342 2084 tificum
1367 2035 1443 2072 diis
1467 2034 1740 2071 inmortalibus
1758 2039 1877 2085 gyrata
1908 2035 1985 2070 sint
2001 2032 2073 2072 Su-

1198 2106 1397 2158 miaequae
1411 2132 1423 2148 ,
1466 2110 1507 2141 ut
1545 2105 1588 2141 hi
1623 2103 1779 2147 scribit,
1821 2103 2070 2157 cappudines.

1199 2174 1369 2212 Samium
1391 2187 1541 2210 rursum
1562 2178 1738 2218 acutum3
1766 2173 1868 2210 unde
1893 2177 1931 2209 et
1948 2186 2005 2209 sa-
2025 2181 2070 2210 30

1200 2244 1320 2281 miare
1355 2243 1517 2280 dicimus
1548 2256 1708 2286 acuere,
1752 2242 1856 2294 quod
1888 2242 1927 2278 in
1955 2242 2072 2280 Samo

1198 2369 1308 2394 autem
1334 2364 1390 2393 ubi
1411 2363 1439 2405 f'.
1463 2362 1612 2393 ‹uerlierit
1638 2360 1788 2391 saucium
1813 2359 1942 2402 chips.
1968 2371 2019 2402 ep.
2039 2369 2071 2400 q.

1199 2419 1239 2455 5,
1264 2419 1301 2451 2.
1339 2421 1388 2450 ita
1411 2419 1576 2462 promptis
1605 2418 1652 2449 cf.
1675 2429 1706 2459 p.
1729 2414 1820 2451 555,
1843 2415 1907 2447 27.
1932 2416 2073 2459 epi-qono

1199 2475 1244 2507 G.
1275 2476 1310 2506 L.
1335 2476 1470 2518 eriqono
1496 2475 1538 2506 B.
1567 2474 1716 2517 Eriqoua
1742 2472 1821 2514 chl.
1848 2472 2014 2515 Epiqonis
2040 2482 2072 2506 ιο

1198 2530 1322 2566 Bothe,
1350 2531 1478 2573 Bergk.
1515 2540 1695 2572 perqmnus
1732 2533 1765 2557 nr
1804 2527 1893 2569 ing-J.
1934 2539 2071 2570 perflatu

1196 2592 1232 2617 ut
1258 2585 1390 2628 chrut.
1406 2597 1457 2628 ap.
1473 2586 1534 2616 Gr.
1550 2585 1596 2615 [Ι.
1621 2597 1651 2626 p.
1669 2582 1759 2615 844.
1781 2583 1953 2626 frutribus
1967 2584 2014 2615 Α.
2036 2594 2072 2618 20

1200 2640 1293 2673 526.
1320 2641 1441 2683 Steph.
1455 2641 1487 2672 J.
1505 2640 1644 2683 fratr-iis
1654 2640 1749 2680 nug-J.
1762 2640 1848 2670 volis
1859 2638 2008 2681 chong.
2026 2640 2076 2670 ad

1193 2696 1439 2732 Just.62‚57.
1465 2696 1652 2739 sympuviis
1671 2695 1805 2738 ch.D.
1841 2701 1935 2726 extat
1961 2696 2070 2727 oratio

1195 2753 1306 2784 Laelii
1329 2764 1361 2796 q.
1377 2776 1384 2782 .
1397 2752 1567 2794 ..cympina
1581 2757 1675 2794 pout.
1691 2776 1697 2781 .
1711 2776 1717 2782 .
1729 2753 1796 2782 siut
1816 2752 2014 2794 samiaeque,
2033 2758 2070 2782 ut

1191 2811 1220 2840 is
1243 2810 1372 2843 scribit,
1398 2808 1573 2851 capedincs
1598 2807 1664 2850 (ᾖδ-
1698 2809 1835 2840 adiutus
1867 2809 1931 2841 Ms.
1957 2809 2006 2839 ita
2035 2808 2068 2838 in

1190 2864 1373 2897 Animadv.
1402 2876 1434 2905 p.
1451 2863 1516 2895 92.
1535 2876 1565 2895 a.
1586 2862 1702 2896 1556.
1731 2865 1760 2895 si
1779 2866 1918 2905 imperia
1933 2869 2024 2907 pont.
2040 2889 2044 2894 .
2062 2888 2066 2893 .
