2174 3267
247 144 264 180 Ι
272 144 330 182 88

241 252 407 294 ducere,
452 249 667 300 colligere,
707 262 937 287 convocare.
990 249 1122 288 Varro

240 320 394 359 Manio:
424 318 587 355 lllanius
615 332 728 355 viane
751 320 926 362 suscitat,
955 324 1123 355 rostrum

242 397 287 426 20
305 401 388 425 sum
412 393 542 424 rostra
564 387 712 439 adfert,
736 388 919 440 populum
936 389 977 424 in
995 387 1125 438 f'orum

238 457 429 495 conducit.
472 457 730 502 Couducere,
769 461 1014 494 convertere.
1044 457 1123 494 Lu-

239 528 352 565 cilius
375 527 444 564 lib.
468 541 573 564 xxx:
605 533 641 564 et
667 527 810 563 virtute
834 532 917 570 tua,
945 532 983 563 et
1008 526 1124 564 claris

237 597 458 634 conducere
473 596 629 634 chartis.
643 595 892 640 Conduccrc,
905 596 1002 633 utile
1015 609 1122 634 csse:

236 666 337 703 solus
366 679 454 703 vero
488 666 561 703 soli
581 666 679 719 quid
710 679 754 702 re
784 671 822 702 et
851 667 1007 720 quaesti
1035 679 1124 703 con-

237 736 357 772 ducat
370 749 452 773 suo.
484 736 539 775 M.
558 735 717 774 Tullius
739 736 788 772 de
803 734 957 772 Officiis
977 735 1045 773 lib.
1060 749 1123 772 111:

236 807 376 850 stulte,
399 806 465 843 lib.
489 808 512 843 i.
543 806 594 843 R.
614 805 665 842 P.
695 804 960 842 conducebat?
997 810 1125 858 potest

236 882 364 913 (uectem
398 875 504 929 quod
536 875 597 911 rei
622 874 798 922 publicae
829 874 968 911 inutile
996 875 1060 918 sit,
1082 875 1125 911 id

236 947 414 999 cuiquam
436 945 490 982 ibi
512 945 603 982 utile
627 957 721 981 esse.
754 944 870 982 Idem
892 944 941 981 de
962 943 1121 994 Repub.

235 1015 305 1052 lib.
325 1028 337 1051 1
351 1014 600 1062 :facillimam
625 1020 753 1051 alitem
780 1015 821 1051 in
843 1027 889 1050 ea
908 1027 952 1050 re
966 1013 1123 1064 publica

237 1098 318 1122 esse
338 1097 450 1137 posse
471 1084 726 1127 concordiam,
744 1084 786 1120 in
805 1096 885 1136 qua
909 1083 1011 1119 idem
1033 1096 1121 1120 con-

235 1155 356 1192 ducat
372 1154 558 1191 omnibus.
586 1153 756 1192 Sisenna
768 1152 1036 1190 Historiarum
1053 1152 1120 1189 lib.

236 1239 312 1262 1111:
351 1225 447 1278 quid
483 1237 564 1261 rem
588 1223 779 1276 publicam
810 1235 920 1259 suam
944 1235 1122 1259 maxume

239 1303 285 1332 30
316 1295 530 1342 conducere
548 1295 761 1331 videretur.

289 1364 614 1401 CONCELEBRARE
669 1363 813 1400 dicitur
862 1374 1120 1399 commovere.

236 1435 445 1473 Lucretius
469 1433 539 1470 lib.
558 1447 595 1470 1:
625 1446 726 1487 quae
749 1445 857 1469 mare
880 1433 1121 1482 naviqerum,

236 1517 337 1557 quae
371 1509 500 1540 terras
535 1501 813 1553 ffi·1cyifere11.tes
851 1500 1118 1539 Concelebras.

240 1572 532 1611 Concelebrare
547 1600 558 1617 9
580 1571 800 1614 diuamare„
825 1570 972 1608 [lictum
1003 1584 1024 1606 a
1052 1583 1115 1606 ce-

237 1640 292 1694 (p.
314 1637 433 1687 275.)
469 1641 670 1679 lehritate.
718 1640 895 1678 Lucilius
925 1639 994 1676 lib.
1018 1652 1120 1675 xxx:

236 1713 363 1749 multis
405 1712 502 1748 indu
539 1711 630 1748 locis
673 1709 908 1747 sermonibus
955 1707 1122 1745 concele-

236 1781 417 1818 brar-unt.

292 1852 486 1890 CREDERE
519 1855 578 1887 est
602 1850 718 1887 fidem
743 1849 888 1886 habere
915 1848 1032 1885 dictis
1059 1847 1122 1885 vel

236 1922 363 1959 factis.
379 1920 556 1960 Lucilius
578 1919 647 1956 lib.
660 1933 792 1956 xxvu:
812 1919 992 1969 Hymnis,
1011 1918 1121 1955 velim

237 1997 273 2029 te
287 1992 341 2036 id,
361 1992 467 2045 quod
482 2004 616 2028 verum
631 1986 700 2034 est,
714 1989 883 2027 credere.
896 1988 1006 2039 Virg.
1020 1986 1120 2025 Aen.

238 2062 305 2100 lib.
325 2076 371 2099 11:
401 2062 513 2106 hora,
526 2061 591 2098 dei
603 2062 711 2098 iussu
723 2073 800 2095 non
814 2070 1025 2111 numquam
1038 2070 1120 2094 cre-

238 2133 322 2170 dita
340 2132 510 2170 Teucris.
546 2129 736 2175 Credere,
752 2128 844 2166 fidei
864 2128 1119 2165 committere.

236 2270 284 2301 A.
310 2268 460 2299 Dusa.J.
485 2268 631 2298 suscitat
656 2272 812 2299 rostrum,
837 2266 899 2296 sub
924 2271 1038 2296 rostra
1062 2264 1121 2295 ad-

234 2325 306 2368 fert
330 2324 437 2355 Turn.
464 2322 528 2359 29,
544 2322 610 2354 20.
636 2328 782 2353 rostrum
807 2327 918 2353 rostra
943 2320 1057 2363 adfert
1084 2320 1118 2352 l).

237 2386 383 2412 rostrum
406 2392 504 2411 suum
534 2379 673 2423 cherc.
711 2379 857 2409 suscitat
888 2389 949 2408 nos
984 2383 1052 2408 tum
1084 2378 1120 2407 in

238 2449 272 2472 20
297 2442 407 2467 rostra
420 2435 466 2467 A.
481 2435 627 2477 Popma.
641 2434 832 2469 conducere,
854 2433 1038 2464 convenire.
1055 2433 1119 2462 Lu-

237 2494 340 2526 cilius
363 2492 407 2524 G.
446 2492 605 2527 etiamne,
641 2492 672 2521 si
697 2491 797 2533 Reip.
824 2490 917 2521 Edd.
959 2489 1118 2532 cuiquam

239 2551 295 2581 ubi
321 2550 405 2580 utile
429 2548 472 2580 G.
498 2547 535 2578 id
559 2548 676 2591 cuique
692 2547 778 2577 utile
801 2544 847 2577 A.
873 2546 1031 2588 cuiquam
1048 2544 1116 2575 civi

237 2607 327 2637 Edd.
348 2616 447 2647 posse
470 2604 535 2636 W.
562 2604 601 2634 L.
627 2603 674 2634 G.
696 2613 762 2635 om.
794 2602 952 2644 palimps.
972 2605 1007 2632 et
1030 2601 1114 2631 Mai.

235 2672 271 2696 30
295 2662 474 2705 diffamare
499 2660 554 2691 vel
572 2659 754 2702 dicul-clarc
768 2658 898 2701 chips.
917 2657 981 2699 Ep.
1005 2668 1061 2699 qu.
1088 2656 1115 2692 Ι,

238 2717 298 2750 18.
322 2715 666 2761 ‹Iisj'amnreGronow
686 2715 772 2746 Ohs.
796 2713 935 2757 p 457.
961 2711 1115 2754 Schopp,

233 2782 327 2817 (pag.
343 2768 450 2807 275.)
476 2773 518 2803 de
542 2775 617 2803 arte
642 2772 722 2803 crit.
748 2784 781 2814 p.
795 2769 858 2801 59.
887 2769 966 2800 inde
990 2768 1056 2800 loci
1080 2767 1111 2810 cj

232 2831 350 2863 Gisan.
379 2842 411 2872 p.
427 2827 521 2860 550.
536 2827 688 2871 Schopp.
711 2827 795 2858 endo
809 2827 893 2858 locis
907 2825 1036 2868 chips.
1058 2835 1112 2867 ep.

230 2902 259 2931 ᾳ.
290 2888 320 2919 l.
343 2886 401 2918 18.
426 2884 671 2929 prolmanov.
700 2884 832 2915 observ.
858 2894 890 2924 p.
906 2881 1001 2914 457.
1029 2880 1112 2911 indu

890 143 1101 180 NOMUS
1133 144 1468 182 MARCELLUS

1190 251 1367 288 Lucilius
1394 252 1462 288 lib.
1487 264 1639 288 xxvin:
1669 252 1788 289 vitam
1819 263 1865 288 ac
1890 250 2075 301 fortunas

1794 320 1970 357 Credere
2015 324 2077 357 est

1817 389 1986 427 Plautus
2030 396 2073 427 10

1188 457 1228 493 in
1264 456 1488 494 Aulularia:
1526 458 1592 495 ubi
1614 459 1646 495 is
1672 459 1748 496 obit
1775 465 1955 503 mortem,
1981 459 2078 513 quid

1189 320 1254 356 cui
1282 321 1584 358 concrediderim
1621 334 1739 358 meas.

1191 389 1427 425 servandum
1476 390 1761 427 commendare.

1189 526 1286 563 mihi
1310 528 1350 563 in
1377 540 1517 563 aurum
1544 528 1722 565 credidit.

1245 595 1503 633 COMMODARE
1524 602 1584 633 cst
1604 598 1784 635 mutuari.
1812 597 1989 636 Lucilius
2006 597 2075 634 lib.

1190 678 1321 701 xxvu:
1353 672 1460 702 certa
1482 672 1574 703 sunt
1594 668 1677 703 sine
1702 667 1948 711 detrimento,
1976 679 2078 721 quae

1741 736 1798 773 M.
1827 737 1985 774 Tullius
2027 737 2077 773 de

1190 803 1341 841 Officiis
1374 804 1441 841 lib.
1466 817 1524 841 11:
1550 811 1668 859 atque
1694 811 1737 842 ut
1764 805 1897 842 dando
1921 811 1957 843 et
1977 807 2076 842 acci-

1188 735 1292 771 inter
1327 747 1409 772 sese
1445 735 1694 773 commodent.

1185 874 1327 925 piendo
1343 874 1647 928 mutuandisque
1659 874 1910 926 facultatibus
1928 880 1966 912 et
1979 888 2076 912 com-

1187 943 1392 979 modandis
1423 943 1533 980 nulla
1558 957 1602 980 re
1628 956 1839 994 eqeremus.
1896 943 2077 982 Commo-

1189 1011 1306 1057 dare,
1333 1026 1419 1049 cum
1449 1013 1655 1050 commodo
1685 1013 1793 1051 dare.
1837 1012 1894 1051 Μ.
1917 1013 2078 1050 Tullius

1188 1082 1238 1118 ad
1259 1082 1380 1119 filium
1408 1082 1477 1120 lib.
1503 1097 1550 1120 11:
1581 1084 1646 1120 cui
1670 1096 1751 1134 69⁰,
1777 1082 2079 1137 quibuscumque

1187 1151 1299 1189 rebus
1322 1157 1478 1203 potero,
1512 1152 1762 1190 libentissime
1789 1152 2047 1190 commodabo.

1240 1221 1448 1267 ΟΑΡΤΑΒΕ,
1474 1235 1629 1273 capere.
1659 1221 1840 1259 Lucilius
1856 1222 1925 1259 lib.
1939 1235 2076 1259 xxvn:

1186 1291 1293 1344 quod
1311 1291 1347 1327 si
1366 1292 1571 1344 paulisper
1595 1298 1757 1345 captare
1790 1296 1910 1346 atque
1936 1291 1997 1328 ob·
2028 1299 2075 1330 20

1187 1373 1348 1397 servare
1373 1360 1470 1398 haec
1496 1361 1676 1398 volueris.

1242 1430 1516 1468 Com-osenia
1553 1435 1614 1467 cst
1654 1430 1817 1475 audire,
1858 1430 2078 1467 aestimare.

1186 1499 1364 1537 Lucilius
1380 1499 1449 1536 lib.
1471 1513 1589 1537 xxvlz
1620 1513 1700 1536 rem
1727 1505 1946 1552 cognoscat,
1964 1499 2076 1536 simul

1188 1575 1224 1605 et
1237 1570 1351 1606 dictis
1369 1571 1539 1606 animum
1554 1569 1752 1606 adtendas
1767 1569 1932 1622 postulo.
1955 1569 2076 1606 Pom-

1189 1639 1331 1689 ponius
1349 1638 1478 1676 Pansa
1499 1639 1645 1691 pappi:
1668 1640 1733 1691 pol
1763 1639 1907 1690 emaqis
1937 1638 2077 1676 curabo

1187 1708 1253 1745 ubi
1283 1709 1507 1760 cognorint,
1553 1722 1681 1746 omnes
1721 1722 1802 1746 una
1840 1709 2073 1746 assentiant.

1189 1778 1404 1816 Terentius
1432 1779 1474 1816 in
1497 1778 1668 1817 Andria:
1700 1792 1742 1815 eo
1764 1784 1880 1831 pacto
1904 1784 1940 1815 et
1963 1779 2081 1829 quati

1186 1850 1304 1887 vitam
1350 1855 1386 1886 et
1430 1849 1629 1886 consilium
1678 1862 1802 1886 meum
1854 1847 2073 1900 Cognoscis.

1187 1918 1298 1970 Virg.
1330 1918 1561 1970 Georgicon
1593 1918 1662 1956 lib.
1694 1933 1730 1955 1:
1770 1919 1815 1955 ni
1837 1917 1986 1970 reficqz's
2020 1923 2075 1955 te-

1187 1988 1352 2042 nuisque
1367 1989 1476 2040 piqet
1497 2001 1725 2039 coynoscere
1748 2000 1879 2025 curas,
1914 1988 2074 2038 Cogno-

1187 2071 1322 2104 scere,
1350 2071 1466 2095 nosse
1490 2059 1552 2096 vel
1581 2058 1846 2109 praespicere.
1876 2058 1986 2108 Virg.
2004 2057 2074 2095 lib.

1187 2141 1293 2165 vnn:
1331 2134 1476 2166 venatu
1510 2129 1668 2167 assiduo
1715 2133 1753 2165 et
1780 2132 1900 2165 totum
1939 2140 2073 2178 σοφισ-

1185 2265 1270 2295 locis
1295 2263 1412 2296 Cuiac.
1447 2263 1533 2296 obs.
1559 2263 1629 2295 XI.
1660 2262 1721 2295 ¹9.
1756 2262 1799 2293 al.
1837 2274 1893 2304 ap.
1929 2262 2071 2293 Dusam.

1186 2319 1293 2351 Turn.
1321 2319 1385 2357 29,
1400 2318 1461 2351 20.
1487 2318 1566 2350 inde
1590 2319 1675 2350 Iocis
1698 2317 1792 2359 ng.
1830 2317 1982 2348 inductis
2006 2330 2073 2348 ser-

1185 2376 1305 2406 monib.
1330 2375 1423 2408 485.
1442 2376 1547 2406 Dusa.
1575 2376 1622 2406 A.
1645 2374 1679 2405 J.
1719 2379 1822 2404 xxvi.-
1848 2373 1981 2416 hymnis
2009 2374 2071 2405 W.

1183 2431 1318 2473 lupnm‘s
1337 2443 1404 2462 om.
1420 2433 1462 2463 Β.
1487 2432 1543 2463 cui
1566 2442 1639 2461 cum
1663 2429 1749 2460 cred.
1776 2430 1819 2460 A.
1846 2431 1905 2474 qui
1929 2430 2014 2461 milti
2039 2440 2071 2465 10

1183 2488 1221 2519 id
1243 2500 1365 2518 aurum
1390 2487 1436 2519 A.
1474 2488 1512 2519 cf
1549 2499 1583 2529 p.
1610 2485 1702 2522 539,
1729 2486 1792 2518 55.
1834 2492 1990 2517 mutuare
2023 2488 2070 2519 A.

1181 2544 1217 2576 J.
1252 2550 1384 2575 caetera
1420 2544 1481 2575 alii
1518 2544 1609 2586 apud
1640 2543 1749 2574 Dusa.
1783 2542 1874 2585 ung-l.
1915 2543 2003 2574 inter
2038 2555 2072 2574 se

1181 2600 1289 2631 Dusa.

1177 2667 1288 2697 pansa
1298 2656 1484 2699 pappipole
1497 2654 1540 2686 G.
1570 2655 1689 2685 Pansa
1702 2656 1862 2698 papipole
1877 2657 1922 2688 Α.
1946 2667 2071 2699 sponsa

1334 2601 1424 2631 voles
1448 2599 1528 2630 haec
1563 2599 1733 2641 chDusa.
1774 2599 1931 2630 attendat
1964 2601 2010 2632 A.
2034 2610 2071 2635 20

1178 2712 1362 2756 papipolae
1387 2712 1435 2743 cf.
1453 2723 1486 2754 p.
1504 2710 1597 2746 469,
1612 2709 1676 2742 20.
1706 2711 1901 2753 probMerc.
1926 2723 2070 2753 sponsa.-

1177 2778 1288 2810 papae
1308 2768 1367 2809 pol
1391 2779 1426 2798 eo
1451 2768 1560 2811 maglis
1585 2766 1655 2809 ch.
1682 2767 1814 2810 Sponsa
1840 2768 1976 2811 Puppi.-
2003 2768 2068 2799 Pol

1180 2834 1274 2866 maye
1298 2823 1431 2854 curabo.
1463 2822 1528 2853 Ubi
1542 2822 1656 2854 Bothe
1672 2821 1708 2854 2.
1735 2823 1801 2855 Pol
1824 2835 1921 2867 maqe
1946 2823 2067 2854 curabo

1182 2884 1219 2909 ut
1233 2878 1456 2915 ubiDiibncr,
1467 2879 1589 2912 Munlz.
1605 2881 1656 2909 ccl
1667 2881 1857 2922 perspicer-c
1866 2880 1898 2911 l).
1912 2879 2064 2923 coquum-it
