2174 3267
273 137 364 176 250

272 242 460 294 constavit
482 248 617 294 caput:
647 242 823 294 Inferum
845 249 985 289 autem,
1000 244 1066 282 ubi
1077 259 1142 298 eqo

271 314 390 349 omnis
418 312 553 363 diqitos
582 311 732 364 defreqi
757 326 870 350 meoS.

323 381 509 425 Levmxn,
538 381 702 419 solvere.
739 382 847 431 virgg.
875 382 973 419 Aen.
999 381 1066 419 lib.
1092 395 1140 419 11:

274 455 391 503 atque
417 455 506 486 arta
528 451 650 487 levari
683 450 822 487 Vincla
848 450 947 488 iubet
969 450 1139 488 Primus.

271 519 422 556 Levare
452 519 644 570 signifieat
674 520 866 557 sustinere
895 521 955 557 vel
980 520 1141 569 erigere.

272 588 382 639 Virg.
418 588 516 625 Aen.
545 588 611 625 lib.
636 602 668 625 1:
714 588 814 626 levat
847 590 926 641 ipse
968 589 1139 625 tridenti.

272 658 420 695 Levare
443 671 594 694 rursum
615 658 801 696 relevare.
834 658 973 696 Cicero
989 658 1141 695 Tuscu-

274 735 321 764 20
353 727 525 765 lanarum
550 727 617 764 lib.
636 741 682 764 v:
711 728 790 764 alia
813 727 922 764 nulla
942 728 1066 779 potuit
1087 728 1142 764 in-

269 798 394 834 veniri
423 797 572 834 levatio.
616 797 724 848 virg.
758 797 797 833 in
828 797 1046 834 Bucolicis:
1077 809 1143 848 eqo

271 866 340 904 hoc
366 872 403 903 te
423 866 530 917 fasce
555 866 697 903 levabo.
728 866 783 904 M.
805 866 960 903 Tullius
984 866 1143 917 Episto-

272 935 396 973 larum
423 936 470 972 ad
494 935 716 973 Caesarem:
753 935 829 971 iam
857 934 1144 984 amplitudinem-

267 1005 506 1058 9loriamque
528 1010 632 1042 tuam
659 1017 795 1056 rna-qno
812 1005 906 1041 mihi
922 1010 1144 1041 ornamento

272 1080 370 1110 esset
388 1073 472 1121 fore
494 1075 677 1117 existimo,
702 1074 798 1128 quid
822 1087 880 1111 me
903 1074 1007 1111 levas
1032 1087 1140 1111 cura.

272 1142 462 1181 Pacuvius
481 1143 696 1182 Periboea:
726 1157 848 1198 neque
865 1149 956 1181 tunc
977 1149 1014 1181 te
1039 1145 1143 1196 inqe-

272 1213 377 1249 nium
408 1214 611 1250 moderant
624 1241 636 1257 ,
673 1227 796 1267 neque
829 1213 1050 1265 fraternum
1083 1215 1145 1250 ira

272 1283 424 1319 exilium
457 1283 571 1320 levat.
633 1283 759 1321 Varro
795 1282 958 1333 virg-ula
994 1283 1143 1320 divina:

273 1365 368 1406 quos
392 1365 469 1388 non
498 1353 600 1389 iacta
626 1365 721 1388 novo
748 1353 876 1388 levata
898 1357 1048 1405 pascat.
1070 1351 1144 1389 Le-

274 1436 364 1459 vare
390 1422 503 1458 etiam
527 1422 710 1459 minuere.
753 1421 895 1459 Accius
923 1421 1144 1471 Meleagro:

274 1504 367 1528 cave
423 1491 609 1527 lassitudo
659 1490 777 1543 poplit
825 1503 978 1527 cursum
1033 1489 1142 1526 levet.

274 1561 384 1598 Idem
413 1559 694 1612 Nyptegresia:
733 1559 795 1596 illo
829 1564 966 1611 suapte
995 1559 1147 1596 induxit

277 1638 323 1668 30
335 1631 479 1667 virtus:
496 1634 537 1665 tu
550 1629 705 1666 laudem
718 1628 866 1665 illorum
881 1628 1004 1665 levas?
1018 1629 1144 1666 Varro

274 1695 372 1752 περὶ
390 1695 618 1752 ἐξαγωγῆςε
634 1711 834 1752 quemnam
855 1704 892 1735 te
907 1711 987 1734 esse
1006 1698 1145 1741 dicam,

270 1769 396 1819 feram
428 1770 498 1823 qui
527 1781 644 1805 manu
674 1769 842 1821 corporis
868 1767 1036 1819 fervidos
1060 1767 1145 1818 fon-

274 1840 368 1876 tium
398 1839 529 1892 aperis
559 1838 664 1875 lacus
686 1839 907 1889 sanguinis,
932 1842 1044 1891 teque
1069 1838 1148 1874 vita

273 1907 331 1960 (p.
345 1907 464 1953 557.)
478 1908 581 1945 levas
599 1907 727 1954 ferreo
739 1906 848 1943 ensi?
877 1907 989 1958 Virg.
1002 1905 1147 1957 Georg.

274 1978 341 2015 lib.
366 1992 413 2014 ιιι
442 1991 550 2014 omne
577 1978 781 2014 levandum
805 1975 1023 2014 Prodimus.
1045 1976 1148 2013 Tur-

275 2048 392 2099 pilius
419 2047 643 2084 Demetrio:
684 2060 786 2084 nune
817 2060 874 2083 me
906 2060 952 2083 ex
988 2046 1149 2084 aliorum

276 2153 308 2182 p.
323 2138 388 2171 82.
415 2139 525 2171 Catal.
552 2152 586 2182 p.
605 2139 697 2171 254.
723 2140 767 2170 cs.
787 2152 817 2182 p.
830 2138 920 2176 529,
942 2138 1145 2181 10.Scalig.

280 2206 312 2231 ιο
341 2195 428 2227 195.
454 2195 536 2226 ηιίΙιί
558 2197 675 2227 misero
709 2196 753 2227 Α.
787 2194 901 2228 Murik.
928 2195 1048 2228 Bothe.
1085 2196 1148 2226 mei

276 2253 379 2282 misat-
403 2251 444 2281 B.
470 2252 515 2281 mi
538 2264 577 2281 m.
603 2251 743 2292 choth.
770 2256 880 2294 caput,
900 2252 998 2282 limen
1025 2251 1089 2294 inf.
1116 2250 1145 2294 ej

278 2308 396 2339 Muuk.
425 2307 572 2350 consi-effi
596 2308 688 2349 ng.
730 2309 841 2338 levare
865 2308 971 2351 siyn..
988 2307 1148 2338 ,tridenti

281 2374 313 2400 20
339 2374 403 2393 oni.
430 2364 476 2394 A.
503 2365 546 2393 cf.
572 2362 664 2400 550,
690 2362 752 2394 26.
778 2376 835 2407 ⁶!l0
859 2363 918 2394 hoe
943 2364 985 2394 cf.
1009 2376 1040 2405 p.
1057 2361 1148 2399 512,

281 2419 340 2451 19.
365 2420 457 2450 levas
482 2423 559 2450 ante
584 2419 629 2450 Μ.
656 2421 702 2451 Α.
721 2419 781 2451 Or.
807 2419 894 2463 quod
918 2431 966 2449 me
989 2420 1079 2450 levat
1098 2421 1145 2451 Μ.

276 2477 363 2506 lacte
409 2486 491 2505 novo
537 2476 650 2505 levata
696 2475 835 2517 chcrc.
875 2475 1016 2517 Popma.
1055 2474 1146 2506 Scal.

279 2529 370 2563 195.
396 2529 482 2572 conj.
507 2543 541 2572 p.
562 2529 624 2561 82.
650 2530 761 2562 Catal.
782 2543 811 2573 p.
829 2529 922 2562 254.
946 2536 1076 2570 pascat,
1091 2531 1148 2562 secl

275 2585 366 2621 264,
392 2585 455 2617 27.
482 2586 575 2617 Scal.
602 2587 745 2628 Popma.
769 2588 936 2629 poplitum
961 2587 1039 2617 edd.
1066 2587 1146 2618 illos

274 2652 309 2676 3ο
333 2648 452 2686 suapte
477 2641 523 2673 A.
551 2642 594 2672 cf.
614 2642 844 2684 Eurip.sshes.
869 2653 898 2672 v.
925 2640 1010 2673 159.
1035 2654 1146 2684 quarn-

274 2710 350 2729 nam
384 2698 523 2740 churn.
559 2696 627 2732 29,
655 2696 717 2728 28.
754 2698 832 2741 fera
864 2699 921 2742 qui
954 2710 1055 2729 marm
1080 2710 1146 2729 cor-

271 2755 402 2797 poris..
418 2777 424 2784 .
439 2754 618 2797 sanfflu'nis
635 2754 751 2784 Herm.
770 2754 876 2784 Elem.
903 2765 936 2795 p.
952 2753 1143 2796 505.p1·0b

276 2809 378 2840 Beier
392 2810 434 2839 ad
451 2808 524 2840 Cic.
539 2807 611 2840 Off.
628 2820 660 2850 p.
679 2807 768 2839 555.
793 2809 925 2840 dicam?
946 2810 976 2852 f.
1002 2810 1143 2852 Popma.

271 2864 433 2899 fecundos
457 2865 568 2905 aperis
593 2865 686 2895 lacus
712 2865 775 2895 MS.
798 2865 908 2896 Fabri.
935 2867 997 2896 lev.
1021 2864 1143 2906 fronde

903 137 937 176 N
941 137 1108 177 ONIUS
1135 138 1463 180 MARCELLUS

1206 247 1368 297 inqeniis
1406 247 1571 292 iudicat,
1615 246 1869 296 Intercapedo
1913 258 2071 299 quorum

1207 316 1393 352 amicitias
1431 316 1543 353 levat.
1582 318 1710 355 Varro
1737 315 2071 367 Quinquatribus:

1207 385 1418 421 absentium
1456 387 1514 422 uti
1539 385 1660 423 bibam
1685 400 1840 439 =qruvem
1878 390 1914 422 et
1950 390 2073 421 casto-

1207 467 1312 490 reum
1339 454 1529 507 levemque
1553 454 1680 492 robur.

1259 522 1428 559 LAUTUM
1466 522 1656 572 signifieat
1688 524 1821 561 lotum.
1861 524 2074 562 Terentius

1208 591 1265 627 in'
1285 591 1513 629 Formione:
1555 597 1641 629 tene
1671 594 1893 631 asembolnm
1928 594 2073 636 venire,

1207 665 1298 696 tunc
1334 666 1488 698 unctum
1521 666 1636 715 atque
1671 662 1815 699 lautum
1849 677 1868 700 e
1902 662 2073 700 balneis?

1207 727 1389 774 Lautum,
1404 731 1596 767 mundum.
1616 730 1789 768 Lucilius
1801 731 1868 768 lib.
1881 746 2000 769 xxv1:
2028 739 2069 769 10

1207 798 1317 834 malis
1346 812 1497 836 necesse
1522 806 1576 836 est
1602 800 1747 837 lautum
1771 814 1791 836 e
1818 813 1949 838 mensa
1975 814 2074 854 pure

1208 874 1390 920 capturus
1437 868 1569 905 cibum.
1626 869 1812 914 Lautum,
1860 869 2074 914 abundans,

1210 942 1449 988 competens.
1504 938 1628 974 Varro
1669 927 2073 976 Gerontodidasealo:

1207 1007 1316 1043 vilico
1346 1006 1448 1060 quod
1465 1007 1565 1043 hanc
1586 1008 1680 1043 satis
1699 1007 1735 1043 si
1755 1007 1819 1044 vix
1832 1012 1974 1059 putant
1991 1007 2074 1044 lau-

1208 1081 1302 1113 tum.
1332 1075 1497 1113 Lautum
1523 1076 1637 1113 etiam
1658 1077 1900 1128 inquinatum
1918 1078 1978 1114 vel
1997 1092 2075 1114 ma-

1210 1145 1390 1182 culatum.
1412 1144 1681 1197 Virg.Georg.
1703 1146 1771 1183 lib.
1786 1159 1852 1183 111:
1877 1147 1970 1183 lavit
1991 1152 2077 1183 ater

1208 1215 1370 1251 vulnera
1405 1215 1577 1265 sanquis.
1617 1215 1760 1253 Accius
1798 1215 1978 1252 Stasiasti
2014 1215 2073 1252 vel

1211 1284 1392 1334 Tropeo:
1422 1284 1578 1320 vulnere
1605 1283 1717 1321 Tetro
1743 1284 1996 1331 deformatum
2009 1297 2076 1321 suo

1209 1352 1282 1390 sibi
1313 1353 1459 1389 lautum
1492 1354 1679 1404 sanquine
1713 1355 1852 1406 tepido.
1897 1354 2077 1400 Lautum,

1212 1422 1374 1472 eligans,
1399 1436 1524 1460 suave.
1555 1423 1765 1460 Terentius
1799 1424 1836 1459 in
1864 1422 2074 1461 Eunucho:

1209 1490 1348 1541 facete,
1375 1491 1511 1543 lepide,
1540 1492 1657 1535 laute,
1682 1492 1774 1529 nihil
1798 1505 1929 1544 supra.
1964 1492 2076 1530 Afra-

1211 1561 1296 1596 nius
1317 1561 1509 1609 Vopisco:
1539 1561 1712 1614 equidem
1737 1567 1774 1597 te
1798 1575 2004 1614 numquam
2029 1570 2075 1599 20

1210 1629 1303 1666 mihi
1328 1629 1570 1673 Parasitum,
1594 1643 1724 1666 verum
1741 1631 1915 1673 amicum,
1936 1643 2078 1684 aequa-

1210 1699 1280 1735 lem
1309 1704 1425 1752 atque
1449 1699 1632 1750 hospitem
1653 1697 1918 1742 Cotidianam,
1943 1705 1980 1736 et
1997 1700 2080 1736 lau-

1211 1773 1290 1805 tum
1321 1774 1357 1804 et
1386 1769 1592 1805 convivium
1620 1769 1731 1806 domi.
1771 1768 1827 1807 M.
1852 1768 2010 1806 Tullius
2040 1769 2079 1806 in

1212 1838 1376 1875 Verrem
1400 1838 1554 1874 actione
1578 1851 1626 1874 ιιι
1659 1838 1784 1875 Roma
1814 1842 1856 1875 ut
1887 1852 1934 1875 ex
1948 1837 2080 1875 Sicilia

1212 1908 1311 1951 redi,
1332 1908 1482 1944 comites
1503 1907 1612 1944 istius
1636 1913 1752 1959 atque
1771 1908 1895 1952 amici,
1913 1908 2079 1945 homines

1212 1977 1312 2014 lauti
1337 1982 1374 2013 et
1401 1976 1553 2013 urbani.
1584 1976 1637 2014 Et
1657 1977 1696 2013 in
1717 1977 1952 2014 Hortensio:
1981 1989 2080 2030 quae

1214 2052 1270 2083 est
1293 2047 1411 2099 iqitur
1430 2046 1681 2098 philosophia,
1706 2044 1893 2083 Socrate?
1916 2059 1985 2084 nec
2010 2046 2080 2083 du-

1214 2151 1327 2170 nemus
1350 2139 1452 2181 Vulg.
1488 2138 1692 2169 absinthium
1716 2137 1758 2169 A.
1795 2138 1839 2169 cf.
1862 2135 1956 2180 (pag.
1971 2136 2078 2173 557.)

1214 2208 1246 2238 p.
1261 2194 1351 2231 514,
1373 2194 1435 2227 15.
1465 2192 1553 2232 190,
1569 2193 1633 2225 26.
1668 2199 1739 2225 tene
1763 2193 1807 2224 ad
1830 2194 2009 2235 symbolum
2032 2196 2077 2225 A.

1215 2257 1286 2282 tene
1321 2251 1526 2293 asymbolum
1557 2250 1656 2293 Vulg.
1694 2250 1804 2281 venire
1836 2254 1912 2279 tunc
1946 2255 2079 2279 anetum

1215 2307 1281 2339 W.
1307 2307 1346 2338 L.
1386 2307 1519 2337 lautum
1548 2306 1674 2336 nudum
1705 2306 1751 2337 A.
1777 2303 1881 2345 Vulg.
1914 2304 2018 2335 Dusa.
2049 2314 2080 2338 ιο

1213 2363 1314 2393 malis
1338 2373 1404 2392 nec.
1430 2363 1473 2392 cf.
1500 2360 1637 2404 Ρ.254,
1651 2359 1684 2391 6.
1711 2360 1860 2402 capturis
1885 2359 2078 2401 cherlach.

1213 2417 1285 2449 ideo
1301 2417 1388 2461 quod
1403 2417 1521 2448 habeat
1546 2417 1642 2451 satis,
1669 2416 1727 2446 vix
1749 2421 1872 2457 putant
1898 2417 1920 2446 Ι.
1940 2416 2080 2458 Popma.

1194 2473 1306 2504 ‚video
1330 2473 1418 2518 quod
1455 2472 1573 2503 babeat
1603 2471 1706 2505 satis,
1743 2472 1774 2501 si
1796 2472 1857 2501 vix
1878 2477 2003 2510 ymtant
2033 2471 2080 2502 A.

1214 2530 1315 2560 vilico
1341 2529 1428 2572 quod
1450 2528 1591 2559 habeant
1615 2525 1745 2568 cherI.
1790 2526 1978 2568 deformata
2007 2527 2081 2557 suci

1213 2586 1278 2616 sibi
1290 2586 1380 2617 lant.
1407 2585 1449 2615 B.
1475 2583 1541 2626 def.
1559 2584 1690 2614 lautum
1703 2594 1797 2626 sanq.
1816 2585 1889 2627 sepo
1914 2583 1945 2613 b.
1967 2582 2081 2625 facere

1211 2642 1313 2677 laute,
1325 2640 1434 2684 lepide
1445 2641 1487 2670 A.
1513 2640 1643 2670 lautam
1656 2639 1755 2668 eliam
1770 2638 1837 2681 ch.
1857 2639 2029 2669 convivam
2046 2649 2082 2673 20

1211 2696 1301 2727 476.
1317 2696 1408 2728 511.
1433 2696 1480 2726 A.
1508 2693 1599 2733 526.
1632 2693 1751 2736 Stcph.
1775 2694 1941 2745 JXNeuk.
1960 2693 2081 2725 Garat.

1210 2753 1251 2783 ad
1280 2751 1353 2783 Cic.
1378 2751 1531 2793 Philipp.
1558 2762 1611 2792 ap.
1634 2751 1802 2782 wernsd.
1827 2751 1856 2781 I.
1884 2748 1993 2793 p.62.
2018 2750 2081 2780 Ro-

1210 2819 1294 2837 mam
1330 2812 1364 2836 ut
1389 2818 1431 2837 ex
1457 2806 1524 2836 Sic.
1550 2805 1637 2836 redii
1661 2805 1762 2848 Vulg.
1803 2817 1879 2838 com.
1904 2807 2014 2848 ipsius
2038 2805 2077 2835 B.

1209 2875 1304 2907 quam
1331 2863 1459 2893 ‹emniles
1488 2862 1606 2892 Klotz.
1647 2861 1860 2905 quidcunque
1891 2863 1937 2893 sit
1962 2861 2080 2892 lemtim
