2174 3267
379 206 478 243 1111.
531 206 605 243 DE
635 205 807 243 VARIA
837 205 1299 245 SIGNIFICATIONE
1328 205 1653 244 SERMONUM.

98 311 262 348 recentis
286 311 490 355 Pirotulit,
517 317 554 348 et
574 313 699 363 pretio
725 313 874 362 inycnti
901 313 971 349 dat

93 382 271 431 primitus
291 393 450 432 paucos.

147 449 332 486 Dommns
363 450 530 495 dieitur,
557 450 618 487 eui
646 450 822 487 servitur.
862 450 968 499 Virg.

97 525 143 556 20
155 519 254 555 Aen.
269 519 336 556 lib.
354 534 366 555 1
380 533 388 554 ι
416 518 624 563 Romanos,
641 533 770 556 rerum
786 520 969 563 dominos,

89 592 316 641 gentemque
354 593 536 639 togatam.
585 588 777 625 Dominus
816 603 969 626 rursum

92 656 317 707 appellatur
351 657 518 694 convivii
555 657 773 702 exhibitor3
802 659 904 695 unde
930 663 968 695 et

91 725 261 763 dominia
299 727 487 763 convivia.
533 726 708 764 Lucilius
739 728 968 778 Satyrorum

89 794 156 831 lib.
174 808 231 831 vi:
266 797 336 849 qui
367 802 404 832 te
442 795 562 832 bonus
590 796 790 849 Iuppiter,
827 798 967 850 inquit,

89 863 229 901 Crasso
257 864 432 901 Illuciam
458 879 542 902 cum
568 866 743 910 cenabat,
775 867 966 902 dominum

86 932 239 980 fortem.
269 934 380 971 Idem
404 934 580 972 lih.x111:
604 936 771 987 primum
799 936 966 972 dominia

87 1007 204 1055 atque
239 1003 422 1040 sodalieia
459 1005 586 1040 omnia
620 1005 816 1042 tollantur.
862 1005 965 1043 Tur-

85 1071 204 1121 pilius
218 1071 424 1123 Filopatro
440 1089 447 1109 ε
475 1072 578 1123 forte
604 1088 646 1110 eo
667 1075 729 1111 die
744 1074 964 1111 ΠΙΒνθΐι-ῐείε

84 1141 140 1177 ad
167 1154 226 1177 me
247 1142 454 1178 delenitate
473 1142 629 1179 Atticae
657 1149 699 1179 ut
723 1143 965 1180 Convenerat

83 1223 158 1262 quo
179 1211 364 1247 dixerant
384 1224 484 1263 quae
498 1224 629 1247 cenam
647 1213 756 1264 apud
772 1212 852 1255 Me,
874 1212 962 1248 Tais

84 1284 201 1330 atque
223 1278 421 1323 Erotium,
450 1279 629 1329 Antisila,
658 1280 846 1330 Pythias,-
874 1279 960 1331 qu

82 1352 193 1383 extra
213 1347 327 1384 cubui
346 1349 514 1385 domina.
545 1350 670 1386 Varro
694 1349 959 1399 Papiapapae,

83 1424 129 1454 30
157 1413 256 1468 περὶ
286 1412 514 1467 ἕνκωμίωιέ
552 1419 747 1455 (Ζοηιίηιιηι
785 1419 959 1462 convivii,

78 1486 209 1522 vinum
235 1487 389 1524 aliudve
417 1488 513 1541 quid
541 1488 594 1524 mi
619 1489 792 1524 laudato.
827 1488 958 1526 Sallu-

80 1555 176 1592 stius
201 1556 465 1593 Historiarum
489 1557 556 1593 lib.
579 1571 642 1593 111·
671 1557 772 1593 alter
796 1557 958 1594 scribam

79 1630 116 1661 et
144 1638 283 1662 cenas:
312 1625 363 1662 In
383 1627 454 1662 imo
481 1626 628 1662 medius
657 1628 758 1662 inter
793 1627 830 1663 T
826 1630 957 1680 arqui-

79 1696 185 1730 nium
204 1700 242 1731 et
256 1695 448 1732 dominum
468 1695 694 1748 Perpenna.
724 1696 779 1733 M.
797 1696 955 1732 Tullius

76 1764 116 1800 in
139 1764 302 1801 Verrem
324 1765 613 1801 Frumentaria:
652 1766 766 1801 adria
795 1771 955 1815 arqento

77 1830 255 1884 (p.282.)
266 1834 436 1870 dominos
448 1840 607 1870 vestrae.
628 1834 754 1870 Varro
771 1834 810 1870 in
824 1833 955 1884 Endy-

74 1967 133 1999 Ῐιοε
152 1970 292 2012 proprio
308 1969 452 2011 disjunta
470 1969 602 1999 nomine
617 1973 676 1999 cst.
713 1967 804 1998 Idem
822 1968 863 1998 de
879 1979 950 1998 ora-

75 2029 143 2055 tore
168 2024 228 2055 lib.
243 2024 300 2054 iii:
326 2036 378 2054 res
395 2026 579 2066 complures
596 2024 780 2055 dissimiles
804 2025 891 2054 inter
916 2035 950 2053 se

74 2091 114 2110 ex
141 2079 308 2111 Cicerone
341 2081 548 2122 interposita
572 2091 638 2110 o111.
666 2079 711 2110 G.
739 2081 820 2110 Mss.
839 2080 946 2110 Herc.

73 2136 137 2167 W.
162 2137 202 2167 L.
230 2137 269 2167 B.
295 2135 341 2166 Α.
368 2135 566 2178 (liquuntur.
591 2135 730 2179 [liquari
755 2133 852 2170 286,
881 2133 946 2166 25.

71 2191 115 2223 A.
147 2192 228 2222 dare
254 2196 333 2234 post
360 2190 452 2227 279,
480 2190 514 2222 6.
540 2191 585 2222 Α.
619 2192 678 2234 qui
701 2196 869 2235 aeqrotat,
898 2191 943 2220 m·-

70 2247 185 2278 demus
209 2247 342 2290 chuil.
369 2246 404 2283 2,
426 2246 488 2279 10.
514 2247 666 2277 videmus
690 2248 728 2278 L.
744 2248 785 2278 A.
801 2245 942 2278 J.585.

70 2303 175 2334 Dusa.
200 2303 339 2346 ejMerc.
376 2309 414 2333 ut
446 2315 518 2334 eum
547 2303 714 2345 primitiis
745 2303 776 2346 f.
799 2304 943 2345 propala

70 2358 220 2389 Tui-neb.
253 2359 298 2389 cf.
325 2371 355 2401 p.
385 2357 480 2393 154,
507 2357 569 2389 27.
602 2359 729 2400 primos
750 2358 778 2400 f*
796 2359 943 2402 propala

69 2415 226 2445 receuteis
250 2415 355 2446 Dusa.
380 2414 462 2446 Jun.
488 2426 558 2445 cum
581 2414 680 2456 prim’
698 2412 780 2456 ficos
800 2414 942 2457 propola

67 2471 192 2500 recenti
215 2471 394 2513 spir-olulit
417 2471 447 2501 h.
490 2471 527 2502 S.
553 2484 582 2501 c.
605 2468 691 2512 sicus
710 2471 843 2514 primns
864 2482 940 2512 pro-

64 2526 146 2567 pola
178 2526 270 2557 Scal.
309 2528 351 2557 ad
384 2527 480 2568 Virga
518 2526 629 2558 Culie.
675 2528 823 2570 protulit
847 2528 937 2558 Edd.

63 2593 192 2624 paucos
215 2583 374 2622 deponere
409 2582 500 2618 279,
527 2584 562 2614 7.
587 2584 634 2614 Α.
676 2583 830 2613 dominus
864 2587 940 2626 post

67 2643 211 2668 sternere
237 2637 328 2675 286,
357 2638 418 2669 27.
445 2640 489 2670 Α.
516 2640 629 2682 inquit
652 2640 763 2673 Crasi,
787 2639 939 2683 sicapud

66 2704 102 2727 20
125 2693 273 2723 Allutium
297 2694 366 2736 ch.
402 2694 467 2726 cfr.
494 2695 591 2736 Lips.
627 2694 766 2726 Saturn.
795 2694 825 2726 1.
853 2698 936 2725 extr.

67 2754 96 2778 te
120 2748 200 2779 bone
222 2749 269 2782 (ια’
293 2746 371 2792 spl.)
394 2750 443 2785 Ι.,
469 2751 513 2785 ἰ.,
540 2751 695 2786 Mutim't,
720 2763 748 2794 q.
775 2751 936 2785 coenabit,

64 2803 98 2834 d.
120 2803 195 2846 fin-e
219 2803 367 2835 Crasso?
392 2805 514 2848 cheal.
550 2805 672 2837 Crasso
685 2807 811 2837 Jlutin'
836 2818 936 2850 quum

64 2871 160 2890 cenas
178 2858 332 2890 dominus
353 2860 442 2903 f'oris
467 2861 536 2903 ch.
562 2861 668 2892 Dusa.
703 2862 842 2893 illueius
866 2873 936 2891 cen-

62 2915 152 2946 sebaz
168 2915 333 2946 dominum
343 2915 416 2958 fore
433 2916 571 2959 cherc.
581 2918 719 2949 cenabat
731 2918 844 2949 active
855 2916 939 2949 Ger-

1823 206 1912 243 195

1036 314 1246 350 mionihus:
1268 313 1532 350 discumbimus
1551 314 1724 358 mussati,
1741 313 1912 350 dominus

1035 383 1314 419 manaim-enam
1347 383 1554 419 committit.
1596 382 1756 419 Domini
1797 382 1912 419 etiam

1036 452 1237 490 mulierum
1266 456 1468 489 amatores.
1507 452 1712 496 Dominus,
1741 451 1912 488 maritus.

1035 521 1145 571 Virga
1159 522 1255 557 Aen.
1276 520 1341 556 lib.
1365 533 1444 556 1111:
1475 519 1636 556 conubia
1663 526 1797 557 nostra
1810 519 1912 570 Rep-

1031 590 1142 641 pulit,
1172 603 1217 626 mc
1236 590 1428 625 dominnm
1443 587 1617 624 Aeneam
1639 589 1681 624 in
1701 602 1824 639 reflua
1851 603 1912 626 rc-

1033 661 1142 710 cepit.

1085 728 1349 764 DELIBERARE
1382 731 1440 763 est
1469 726 1658 763 dubitare.
1696 726 1912 763 Terentius

1033 798 1072 834 in
1094 796 1323 833 Formione:
1354 809 1421 845 eqo
1440 796 1603 848 amplius
1618 794 1908 831 deliberandum

1032 879 1178 903 censeo.
1210 865 1504 909 Deliberatum,
1532 864 1820 914 complacitum,
1850 864 1911 900 vel

1033 935 1244 972 definitum.
1300 934 1505 984 Turpilius
1541 934 1581 970 in
1605 933 1831 984 Filopatro:
1867 941 1909 970 10

1031 1010 1172 1041 certum
1188 1017 1233 1040 ae
1245 1003 1497 1039 deliberatum
1512 1008 1568 1039 est
1579 1015 1637 1038 me
1651 1003 1724 1039 illis
1741 1002 1908 1056 obsequi.

1082 1073 1324 1118 DJscmmzx,
1348 1072 1501 1116 divisio,
1527 1072 1734 1122 separatio.
1768 1071 1908 1108 Cicero

1030 1142 1078 1178 de
1101 1142 1264 1178 Finibus
1290 1141 1478 1179 bonorum
1508 1140 1774 1178 etmalorum:
1803 1141 1909 1177 homo

1029 1217 1066 1247 et
1082 1216 1220 1247 acutus
1247 1216 1283 1246 ct
1311 1210 1472 1260 diligens
1495 1209 1703 1262 Crysippus
1722 1224 1800 1246 non
1820 1223 1907 1246 con-

1027 1281 1207 1332 tempnit,
1234 1285 1430 1332 totumque
1448 1279 1654 1315 discrimen
1671 1280 1809 1315 summi
1823 1279 1911 1315 boni

1028 1349 1068 1384 in,
1093 1362 1175 1384 eam
1195 1362 1273 1384 rem
1297 1361 1428 1384 rerum
1449 1349 1733 1399 comparatione
1743 1350 1908 1400 positum.

1021 1423 1150 1469 putat.
1193 1417 1416 1454 Diserimeu
1450 1422 1509 1453 est
1539 1416 1768 1467 perieulum.
1797 1417 1905 1467 Virg.

1026 1487 1124 1523 Aen.
1150 1486 1216 1523 lib.
1238 1502 1268 1522 1:
1306 1500 1379 1538 per
1403 1492 1494 1540 quot
1519 1486 1741 1523 discrinu’na
1769 1500 1899 1523 rernm

1030 1556 1235 1593 Tendimus
1255 1557 1295 1592 in,
1306 1555 1478 1592 Latium.
1511 1555 1729 1592 Discrimen
1753 1569 1903 1592 rursum

1023 1626 1234 1676 separatio,
1265 1640 1283 1661 a
1306 1625 1590 1669 discernendo,
1624 1625 1726 1662 unde
1757 1629 1796 1661 et
1825 1625 1902 1661 dis-

1022 1695 1259 1732 cerniculum
1294 1694 1436 1731 dicitur
1468 1707 1574 1739 aeus,
1609 1708 1708 1745 quae
1736 1694 1901 1745 capillos

1022 1778 1041 1799 a
1076 1764 1206 1800 medio
1245 1764 1375 1800 fronte
1414 1763 1642 1813 disseparat.
1689 1763 1899 1801 Sallustius

1022 1833 1285 1870 Historiarum
1322 1832 1389 1869 lib.
1418 1845 1449 1868 1:
1477 1831 1674 1869 Sertorius
1705 1832 1817 1879 fortis
1849 1840 1894 1869 20

1016 1968 1105 1999 lach.
1124 1969 1293 1998 tolluntur
1306 1967 1350 1997 A.
1364 1965 1584 1996 Dusa.Turn.
1601 1966 1643 1995 ad
1659 1964 1731 1997 Cic.
1750 1966 1791 1997 de
1804 1965 1893 2007 legg.

1016 2025 1111 2067 Lips.
1129 2025 1267 2054 Satura.
1288 2021 1320 2052 1.
1339 2025 1422 2052 extr.
1459 2034 1534 2052 mer.
1562 2021 1606 2051 ad
1630 2033 1678 2051 me
1700 2020 1894 2060 delenificae

1015 2080 1144 2123 chips.
1173 2091 1297 2121 ep.qu.
1313 2078 1349 2113 ὃ,
1368 2077 1427 2109 12.
1447 2077 1539 2120 lug-J.
1566 2089 1636 2107 eum
1662 2082 1795 2107 venerat
1821 2078 1890 2120 qui-

1012 2136 1090 2167 dam
1121 2136 1256 2166 dixerat
1289 2146 1373 2178 quae
1402 2145 1534 2165 coenam
1554 2133 1635 2164 ΑΔ.
1657 2133 1796 2164 Atticae
1818 2144 1889 2163 cou-

1008 2197 1167 2223 venerant
1181 2191 1466 2233 condixerantque
1484 2188 1575 2230 ng.
1588 2189 1680 2231 Lips.
1696 2188 1779 2231 quid
1792 2189 1829 2219 ni
1853 2197 1888 2221 30

1007 2249 1152 2290 Popma.
1177 2246 1288 2289 eJGif.
1315 2258 1349 2289 p.
1371 2244 1463 2281 565,
1483 2244 1547 2275 50.
1574 2245 1677 2275 alteri
1692 2245 1835 2275 scr-iham
1854 2249 1885 2274 et

1006 2315 1104 2334 cenas
1129 2303 1168 2332 L.
1196 2302 1240 2333 G.
1269 2302 1313 2333 A.
1338 2302 1375 2333 J.
1401 2302 1553 2332 correxit
1576 2300 1748 2343 Leopard.
1770 2298 1829 2335 19,
1846 2299 1882 2330 4.

1007 2371 1023 2390 e
1049 2359 1172 2390 Sex-vio
1205 2359 1248 2388 ad
1272 2359 1361 2389 Aen.
1402 2357 1433 2388 1.
1459 2355 1553 2388 698.
1582 2355 1671 2388 702.
1696 2356 1779 2387 item
1803 2354 1881 2387 Nic.

1006 2415 1150 2446 Loensis
1177 2412 1213 2450 8,
1232 2412 1268 2444 2.
1295 2414 1382 2444 alter
1405 2413 1516 2443 scriba
1539 2413 1716 2443 „Maecenas
1741 2413 1777 2442 in
1800 2412 1881 2442 imo.-

1005 2470 1134 2501 medius
1159 2470 1254 2511 Lips.
1285 2473 1355 2500 ant.
1379 2468 1459 2499 leet.
1485 2467 1520 2498 5.
1553 2480 1584 2510 p.
1612 2468 1675 2499 70.
1717 2468 1805 2499 inter
1829 2467 1878 2498 Ji.

1004 2526 1193 2557 Antonium
1210 2530 1242 2555 et
1267 2524 1345 2567 ejV.
1359 2524 1404 2555 D.
1435 2524 1647 2566 Tarquitium
1674 2523 1771 2555 Gerl.
1792 2523 1826 2554 1.
1842 2521 1876 2552 2.

1005 2583 1214 2623 Perpennam
1239 2579 1351 2622 ejNic.
1375 2580 1517 2611 Loensis
1541 2578 1577 2615 8,
1604 2578 1638 2609 2.
1672 2579 1874 2622 Perpernam

1006 2637 1104 2670 Gerl.
1120 2636 1149 2667 1.
1164 2635 1201 2666 2.
1227 2636 1342 2667 ornari
1355 2641 1492 2680 argento
1503 2635 1654 2666 dominia
1664 2630 1874 2676 (pag.282.)

1003 2698 1116 2724 vestra
1151 2691 1311 2734 chumpt
1343 2692 1385 2722 ad
1410 2691 1509 2723 Verr.
1534 2691 1607 2722 111.
1630 2689 1666 2721 4.
1697 2689 1800 2720 huius
1823 2701 1874 2720 ar-

999 2754 1098 2793 yeuto
1123 2748 1272 2778 dominia
1296 2753 1419 2783 vestra,
1444 2745 1546 2777 huius
1568 2746 1677 2789 siquis
1701 2751 1733 2776 et
1749 2746 1877 2776 tabulis

999 2805 1113 2848 forum
1139 2803 1370 2846 comitiumque
1393 2803 1511 2833 ornari
1535 2801 1663 2844 ejLips.
1688 2801 1828 2832 Saturn.
1846 2800 1877 2831 1.

1006 2864 1090 2891 extr.
1122 2858 1245 2891 Cuiac.
1279 2858 1427 2890 Observ.
1460 2858 1526 2889 XI.
1556 2857 1617 2889 12.
1651 2857 1725 2889 Cic.
1758 2857 1879 2887 Klotz.

1005 2916 1089 2947 dise.
1116 2916 1231 2949 multi.
1264 2922 1331 2946 tum
1364 2914 1530 2957 charrio.
1571 2914 1724 2944 dominus
1750 2918 1880 2942 maturo

1455 2967 1515 3006 25
