2174 3267
1862 212 1941 240 xlu

108 326 224 354 nova
258 325 409 354 rerum
445 310 666 356 vocabula
702 312 856 368 finxit,
901 311 1050 356 multis
1086 311 1259 356 saeculis
1294 321 1400 373 post
1446 321 1597 358 natum
1646 332 1744 360 esse
1778 314 1942 359 iudica-

106 406 216 434 mus.
285 389 442 448 Quid?
492 392 617 454 quod
654 391 860 450 Gellius,
911 410 1046 455 quem
1081 391 1207 437 multi
1243 392 1503 451 celebrant,
1548 402 1597 440 ut
1644 413 1698 441 eo
1734 395 1941 441 acerbius

104 470 305 516 Nonium
332 471 685 533 reprehendant,
721 491 813 519 non
848 473 994 519 solum
1027 472 1190 518 multas
1225 491 1368 519 novas
1417 475 1659 521 verborum
1693 484 1943 522 structuras

105 551 308 610 induxit,
357 553 440 599 sed
486 555 619 599 etiam
661 553 792 616 plura
841 553 1063 599 vocabula
1097 554 1294 612 invenit,
1346 572 1446 617 quae
1482 556 1626 602 multo
1661 559 1850 620 propius
1886 556 1944 602 acl

104 632 363 679 barbariam
399 634 634 681 accedunt.
680 635 759 680 cfr.
793 642 960 696 praeter
1006 634 1147 679 multa
1183 634 1420 694 adiectiva,
1468 655 1568 699 quae
1611 640 1654 682 in
1692 641 1794 685 bilis
1829 640 1944 686 (lesi-

106 722 236 773 nunt,
270 733 310 761 v.
346 733 383 761 c.
416 716 774 778 indeprecabilis,
808 716 1215 774 indissimulabilis,
1251 719 1603 781 inconqelabilis,
1641 721 1945 782 inopinabiliS,

103 797 419 855 inadulabilis,
465 799 714 843 incoliibilis
727 832 742 856 ,
773 799 1146 859 irreprehensibilis
1161 833 1176 856 ,
1212 808 1295 864 etc.
1343 802 1698 861 inpromiscuus,
1740 803 1943 866 invulya-

103 885 191 937 tus,
227 880 611 938 inauditiuncula,
641 881 1055 945 frequentamenta,
1092 883 1371 940 manuarias,
1406 883 1648 929 extrilidus
1664 918 1679 942 ,
1712 884 1944 946 multaque

103 960 206 1020 alia,
242 978 342 1023 quae
378 978 435 1007 ex
468 960 689 1006 indicibus
724 961 969 1007 verborum
1003 969 1110 1007 nota
1145 970 1262 1006 sunt.

232 1043 362 1089 Idem
398 1043 654 1090 Censorino
689 1047 798 1090 vitio
838 1044 998 1100 datur,
1046 1046 1122 1107 qui
1158 1047 1284 1107 prior
1312 1046 1465 1092 Nonio
1501 1048 1610 1105 fuit3
1645 1049 1724 1110 qui
1758 1047 1947 1093 collatus

103 1142 189 1187 pro
212 1118 480 1187 congressu,
516 1126 841 1171 concordabilis
874 1132 920 1169 et
953 1126 1231 1182 immdibile'.s·,
1263 1128 1545 1189 exiqnescere
1566 1134 1610 1173 et
1633 1144 1945 1191 exaquescere,

101 1207 360 1262 membr-ari,
396 1211 442 1249 et
474 1205 560 1249 alia
594 1213 798 1250 monstra
834 1205 964 1249 finxit
998 1212 1074 1249 aut
1110 1223 1166 1250 cx
1202 1205 1357 1268 lingua
1392 1207 1570 1270 vulgari
1604 1209 1790 1269 recepit.
1828 1209 1944 1266 Quae

104 1286 286 1350 quidem
310 1286 561 1331 accuratius
584 1284 944 1330 examinantibus
981 1288 1056 1329 vix
1087 1288 1341 1347 putaverim
1361 1287 1601 1349 probabile
1628 1287 1785 1346 videri,
1808 1289 1948 1334 Nonii

101 1373 280 1412 aetatem
316 1365 572 1412 Censorino
620 1373 664 1412 et
714 1365 866 1411 Gellio
913 1365 1054 1411 multo
1106 1384 1205 1412 esse
1252 1370 1582 1429 posteriorem,
1630 1377 1708 1415 aut
1753 1370 1946 1416 cundem

100 1456 292 1512 propter
324 1467 469 1511 pauca
514 1448 655 1494 verba
699 1449 879 1494 insolita
924 1450 969 1493 in
1015 1449 1228 1494 saeculum
1276 1453 1483 1513 quintum
1522 1469 1621 1497 esse
1668 1453 1946 1497 transferen-

102 1530 220 1576 dum.
258 1531 355 1577 Sed
388 1537 439 1575 ut
465 1531 603 1576 Nonii
640 1531 892 1575 orationem
928 1547 953 1574 a
982 1531 1103 1575 tertii
1127 1531 1278 1576 saeculi
1299 1549 1510 1578 sermone
1535 1531 1784 1578 abhorrere
1807 1550 1947 1595 nego,

100 1613 162 1656 ita
197 1611 254 1656 ab
289 1613 340 1656 iis
377 1611 610 1669 dissentio,
636 1612 713 1673 qui
749 1629 851 1656 eum
890 1610 1026 1657 Gellii
1063 1618 1240 1657 aetatem
1275 1614 1479 1676 attigisse
1504 1614 1609 1660 inde
1638 1614 1942 1677 collegerunt,

101 1693 242 1756 quod,
276 1710 377 1739 cum
410 1694 550 1738 multa
587 1712 643 1740 ex
688 1694 806 1738 illius
851 1694 968 1741 libro
1004 1696 1055 1738 in
1107 1712 1238 1740 usum
1271 1713 1402 1740 suum
1451 1699 1755 1755 converterit,
1805 1696 1946 1742 multa

98 1774 257 1820 iisdem
307 1776 405 1821 fere
450 1775 602 1821 verbis
645 1777 1037 1837 transscripserit,
1086 1784 1237 1822 tamen
1287 1777 1411 1823 nullo
1463 1778 1567 1825 loco
1614 1781 1798 1825 nomine
1844 1796 1946 1824 eum

99 1855 266 1901 laudet.
341 1856 406 1900 Et
453 1864 503 1901 ut
547 1856 849 1919 intelligatur,
888 1857 1122 1919 quomodo
1159 1858 1296 1904 Gellii
1342 1859 1544 1904 fontibus
1594 1861 1802 1906 hortulos
1838 1877 1946 1905 suos

99 1939 328 2001 irrigarit,
373 1940 688 2001 interpretatio
734 1939 1088 1998 vocabulorum,
1138 1958 1237 2002 quae
1283 1941 1401 1985 infra
1440 1943 1610 2003 scripta
1656 1949 1789 1999 sunt,
1838 1959 1944 1987 con-

99 2019 290 2065 ferenda
329 2027 421 2065 est:
455 2028 703 2077 maturare,
738 2022 885 2078 lictor,
924 2039 1069 2079 soror,
1103 2022 1375 2079 lnmianitas,
1404 2022 1564 2084 facies,
1599 2024 1834 2080 vestibula,
1883 2024 1946 2067 bi-

100 2103 270 2159 dentes,
305 2104 595 2163 receptitium,
634 2104 846 2160 siticincs,
868 2105 1126 2161 imnentum,
1148 2121 1322 2160 savera,
1348 2105 1570 2161 aedituor,
1601 2104 1945 2162 adulter-ionem,

100 2184 310 2245 apludas,
347 2185 517 2241 cisium,
555 2183 798 2240 celet-atim,
833 2185 1081 2244 sopiantur,
1118 2185 1431 2246 compluriens,
1466 2185 1672 2243 diaitcmt,
1708 2187 1943 2243 diurnare,

101 2266 325 2323 delicium,
361 2266 624 2329 elucaficare,
660 2267 868 2323 educare,
891 2267 1121 2329 flam'ssas,
1153 2268 1448 2325 inimicitiam,
1478 2269 1694 2331 equitare,
1716 2270 1945 2331 iglnavum,

99 2348 374 2407 illatebrant,
409 2351 642 2407 memordi,
678 2356 841 2406 metus,
880 2351 1285 2407 mendicimonimn,
1322 2351 1610 2406 laboriosum,
1631 2349 1819 2407 latescit,
1840 2366 1945 2409 opu-

99 2428 274 2487 liscere,
292 2431 507 2490 proximi,
530 2437 794 2487 noctescere,
824 2430 1104 2488 nidulantur,
1124 2432 1384 2495 profliqare,
1400 2430 1653 2491 proletarii,
1676 2438 1946 2488 recentatur,

100 2512 346 2574 striqosus,
381 2513 680 2574 suspiciosus,
714 2514 913 2569 subices,
950 2520 1167 2570 scrattae,
1201 2514 1458 2571 saltuatim,
1492 2514 1700 2571 virescit,
1736 2530 1943 2571 verruca,

100 2592 289 2649 vibices,
334 2609 436 2649 cor,
481 2610 719 2654 cupressus
732 2627 748 2652 ,
791 2593 952 2655 frons,
998 2595 1217 2652 mundus,
1263 2595 1473 2652 nuntius,
1508 2595 1692 2651 nervia,
1725 2601 1943 2659 torquem,

102 2673 325 2736 squalere,
360 2681 684 2738 transqressus,
718 2677 912 2740 eleqans,
938 2677 1155 2733 morbum,
1174 2678 1440 2735 meminisse,
1463 2678 1657 2734 mentiri,
1678 2693 1942 2738 properare,

102 2754 460 2817 materfamilias,
494 2759 783 2819 intemperiei,
812 2758 910 2820 sur,
943 2758 1200 2804 luducinari
1213 2793 1227 2816 ,
1262 2766 1307 2804 et
1338 2765 1560 2821 praetcrea
1582 2756 1690 2802 542
1712 2775 1749 2802 a.
1768 2755 1937 2802 5421).

104 2833 208 2880 567
223 2835 266 2881 b.
281 2839 688 2900 nostr-„ceditionis
740 2842 829 2886 His
850 2841 1058 2888 omnibus
1075 2839 1186 2886 locis
1205 2860 1296 2888 non
1316 2841 1452 2887 modo
1472 2841 1729 2887 testimonia
1749 2857 1774 2885 a
1789 2838 1940 2887 Gellio

106 2928 323 2981 congesta
361 2924 626 2984 exscripsit,
674 2925 753 2970 sed
799 2926 961 2986 saepius
1013 2925 1143 2969 ctiam
1192 2925 1413 2971 vocabula
1448 2922 1604 2970 iisdem
1642 2923 1736 2967 sere
1774 2920 1940 2973 verbis,
