2174 3267
404 205 482 242 111.

88 323 231 347 rerum.
288 311 433 348 Accius
484 308 771 360 Nyctegrcsia:
817 308 968 346 scendit

86 380 185 417 hora
210 380 375 417 lateram
403 385 511 417 texta
545 379 715 417 Vulcani
739 392 873 418 vorax.

139 449 402 487 TERmCULAE
428 449 584 500 generis
610 448 798 486 feminini.
824 446 967 485 Neutri

89 526 134 555 30
156 517 301 555 Accius
326 518 647 569 Epinausimacc:
678 517 744 554 ubi
766 530 869 553 inune
889 522 965 554 ter-

83 587 210 623 ricula
235 592 278 624 ta
302 588 425 625 sunt?
455 588 567 626 Idem
598 587 762 625 Telefo:
802 588 966 639 proinde

82 656 255 694 istahaec
278 663 348 695 tua
367 657 499 709 Aufer
522 658 723 701 terricula,
745 662 862 711 atque
880 659 964 695 ani-

82 740 183 762 mum
212 727 359 764 iratum
387 729 595 781 conprime.

135 795 342 839 TORQUEM
366 797 524 847 generis
547 795 762 833 masculini.
789 794 964 833 Lucilius

82 863 139 915 (p.
155 860 278 909 228.)
302 866 530 917 satyrarum
560 865 628 903 lib.
652 879 714 902 xi:
755 870 963 902 conventus

76 935 255 988 pulcher,
281 935 439 980 braces,
469 949 581 989 saqa,
610 935 761 987 fulqere
790 941 963 990 torquem

81 1005 199 1042 Datis
235 1007 381 1058 magni.
429 1006 487 1044 M.
521 1006 680 1044 Tullius
720 1006 769 1043 dc
812 1005 963 1042 Officiis

81 1073 150 1111 lib.
170 1088 233 1111 111:
264 1080 382 1129 atque
404 1076 467 1113 hic
495 1076 603 1113 Titus
631 1076 808 1113 [llanlius
830 1076 863 1112 is
892 1081 963 1119 est,

82 1144 154 1197 qai
177 1144 233 1181 ad
246 1143 446 1181 Anienam
469 1145 588 1189 Galli,
615 1159 726 1199 quem
746 1144 792 1182 ab
820 1158 861 1181 eo
871 1158 962 1197 pro-

79 1219 237 1250 vocatus
250 1214 457 1258 occiderat,
473 1220 611 1268 torque
625 1216 802 1251 detracto
823 1227 961 1265 eonqno-

77 1297 164 1319 men
193 1283 353 1320 invenit.
396 1282 592 1320 Feminini
620 1283 748 1319 Varro
771 1275 873 1330 ’Έχω
902 1292 962 1329 σε,

78 1348 177 1404 περὶ
198 1342 343 1406 τἰἷχηςε
373 1353 451 1389 tela
468 1353 611 1389 dextra·
634 1352 804 1395 vibrant,
829 1364 961 1388 russa-

78 1422 136 1459 tia
170 1423 359 1467 emicant,
398 1428 518 1477 atque
561 1422 776 1475 insignibus
816 1422 962 1459 lllartis

77 1496 235 1546 torques
264 1505 436 1537 aureae,
483 1498 594 1530 scuta
629 1493 782 1530 caelata
814 1492 961 1531 Hibero

78 1566 240 1613 argento
258 1563 375 1614 9ravi
399 1561 536 1600 erebra
561 1561 727 1614 fulgent.
770 1561 961 1600 Claudius

84 1639 127 1669 10
150 1632 437 1682 Quadrigarius
462 1632 692 1669 describens
714 1632 841 1669 Manli
858 1633 960 1671 Tor-

78 1701 187 1751 quati
216 1715 406 1752 pugnam:
448 1702 513 1739 ubi
547 1715 631 1738 eam
660 1703 811 1746 evertit,
845 1707 961 1754 eaput

74 1771 284 1824 praecidit,
299 1776 474 1825 torquem
490 1771 676 1814 detraxit,
691 1784 851 1825 eamque
869 1783 961 1807 san-

74 1840 342 1892 guinulentam
360 1840 434 1877 sibi
446 1842 487 1877 in
501 1840 634 1877 collam
648 1840 813 1892 inponit.
831 1840 960 1878 Varro

78 1910 127 1947 de
164 1910 242 1947 vita
276 1910 321 1947 P.
353 1910 402 1948 R.
433 1910 502 1947 lib.
526 1924 561 1947 1:
601 1911 695 1946 uitri
724 1910 852 1962 pondo
886 1909 960 1946 duo

76 1980 185 2016 milia
226 1980 447 2031 acceperint
481 1992 528 2016 ex
561 1978 722 2016 aedibus
759 1979 885 2016 saeris
924 1984 962 2016 et

76 2054 345 2086 matronarum
358 2049 611 2092 ornamentis,
630 2062 656 2085 a
675 2048 810 2102 quibus
825 2054 961 2102 postea

76 2119 119 2156 id
149 2131 289 2155 aarum
325 2123 363 2155 et
390 2123 547 2172 torques
570 2131 717 2155 aureae
734 2119 876 2156 multae
901 2132 960 2156 re-

76 2189 182 2226 latae
208 2189 371 2227 Romam
399 2194 518 2243 atque
540 2193 801 2226 consecratae.

75 2333 112 2358 30
135 2324 299 2356 terricula
333 2330 393 2355 tua
424 2331 505 2356 sunt
537 2325 626 2369 ch,
666 2325 795 2363 Bothe,
842 2326 960 2357 Herm.

78 2381 242 2411 terricula
272 2381 340 2412 cita
365 2387 445 2412 sunt
480 2381 549 2413 AJ.
587 2383 693 2413 istaec
712 2388 771 2413 tua
801 2382 960 2425 chothe.

76 2432 169 2480 (pag.
182 2433 293 2474 228.)
313 2438 471 2469 Lucilius
486 2450 521 2481 p.
537 2437 629 2476 506,
647 2438 711 2470 20.
738 2438 876 2470 bruches
894 2440 961 2475 ἲν,

76 2494 122 2524 Α.
164 2494 283 2524 bracae
308 2493 483 2536 chentin.
507 2494 583 2526 JM.
627 2500 761 2539 torques
786 2494 959 2537 chentin.

78 2549 181 2580 Datis
207 2561 272 2580 om.
299 2550 476 2592 ‹·jBentin.
512 2551 611 2582 ducis
635 2548 830 2593 cherlach.
867 2563 967 2582 russa

79 2605 148 2635 tria
171 2618 232 2636 em.
257 2607 354 2648 ng.
395 2608 571 2638 russantia
594 2607 745 2640 Gerlach
801 2614 957 2652 torqueas

77 2661 124 2696 L,
150 2662 198 2694 A.

77 2727 201 2748 aureas
223 2724 256 2748 et
277 2725 375 2751 scuta
400 2721 440 2752 L.
478 2732 602 2752 aureas
625 2727 657 2753 et
681 2734 729 2754 se.
755 2723 803 2754 A.
841 2733 965 2752 aureae

77 2778 111 2804 et
133 2785 181 2805 sc.
205 2774 277 2806 JM.
306 2776 402 2808 Ibero
425 2777 570 2820 Popma.
609 2777 780 2810 Claudius
805 2777 896 2809 Gell.
922 2776 959 2814 9,

81 2838 113 2864 10
143 2828 204 2867 15,
221 2829 280 2862 18.
314 2832 372 2863 ubi
394 2845 468 2864 eum
497 2832 615 2865 1526.
640 2834 714 2866 JM.
734 2833 891 2878 praecidi
915 2834 957 2865 L.

76 2892 278 2928 aeceperunt
304 2886 419 2920 1526.
443 2889 476 2921 J.
508 2890 617 2921 sacris
640 2896 871 2922 matronarum
896 2890 959 2926 vv,

77 2942 127 2974 M.
162 2943 275 2983 cesare
299 2943 346 2975 M.
382 2949 515 2976 tere-etet
540 2944 584 2977 A.
610 2947 747 2978 territat
771 2946 845 2979 JM.
883 2947 957 2978 mis.

243 2675 366 2694 aureae
390 2669 488 2695 scuta
525 2665 573 2696 ita
599 2670 814 2702 correctum,
851 2669 889 2696 ut
914 2665 961 2696 sit

536 203 610 241 DE
639 202 879 242 INDISCR.
909 202 1107 242 GENER.
1135 204 1243 243 PER
1272 204 1568 243 LITTERAS.
1831 202 1918 243 155

1085 309 1224 348 Tmou
1264 311 1419 361 generis
1458 311 1675 348 masculini.
1721 310 1919 349 Feminini

1032 379 1225 417 Pacuvius
1256 380 1472 418 Periboea:
1513 386 1550 418 et
1578 379 1689 431 fare,
1723 393 1825 433 qaae
1850 395 1915 418 eor

1608 450 1662 487 M.
1682 450 1840 488 Tullius
1868 450 1918 488 de

1031 516 1092 555 Re
1114 517 1272 569 publiea
1299 518 1367 555 lib.
1392 532 1442 555 11:
1473 532 1554 556 esse
1579 525 1708 556 autem
1735 533 1916 571 anyores,

1031 454 1138 486 ticum
1173 449 1360 486 timiditas
1395 451 1561 486 territet.

1031 588 1068 624 si
1088 588 1243 625 miseria
1268 587 1433 638 adfictas
1461 594 1532 626 aut
1557 589 1728 626 abiectas
1745 591 1844 627 timi·
1867 598 1914 629 20

1033 657 1155 694 ditate
1202 664 1238 695 et
1281 660 1452 710 iqnavia.
1505 658 1617 695 Idem
1658 659 1707 696 (le
1745 659 1919 698 Oratore

1031 726 1100 764 lib.
1121 741 1168 764 11:
1203 728 1355 779 pudore
1392 740 1417 764 a
1445 728 1608 764 dicendo
1637 733 1674 765 et
1708 729 1920 767 timiditate

1031 799 1201 849 inqenua
1241 798 1412 852 quadam
1445 797 1639 849 refugisti.
1682 798 1729 834 In
1755 799 1916 836 codem:

1030 880 1156 920 neque
1188 867 1256 904 illa
1286 867 1382 904 mihi
1411 869 1538 904 cautio
1576 873 1613 904 et
1647 869 1836 905 timiditas
1877 869 1919 906 in

1031 937 1137 974 cauti
1168 942 1329 990 propter
1363 943 1632 990 praestantem
1664 939 1918 991 prudentiam

1031 1006 1166 1044 Crasti
1188 1007 1447 1060 nateleqendcc
1477 1013 1548 1044 est.

1084 1076 1275 1113 TRACTUS
1324 1077 1478 1128 generis
1530 1077 1749 1114 masculini.
1782 1075 1910 1114 Varro

1030 1146 1184 1183 BIotum
1213 1146 1307 1183 muli
1334 1147 1512 1192 scabunt,
1541 1142 1640 1197 περὶ
1672 1142 1916 1197 χωρισμοῦε

1029 1220 1073 1252 ut
1103 1215 1275 1252 venalem
1314 1216 1526 1253 timieulam
1555 1222 1733 1268 poneret,
1764 1217 1918 1253 cottidie

1030 1290 1073 1321 ut
1108 1284 1272 1328 videret,
1310 1289 1430 1322 totum
1465 1285 1647 1339 denique,
1687 1286 1804 1322 etiam
1837 1287 1917 1324 sais

1029 1353 1208 1390 manibus
1233 1355 1352 1392 lanea
1386 1360 1530 1399 tracta,
1562 1355 1825 1392 ministrasset
1857 1355 1916 1392 in-

1025 1424 1192 1478 pectori.

1080 1494 1294 1531 TmBULAE
1324 1494 1524 1532 feminino.
1554 1495 1664 1546 Virg.
1683 1493 1851 1546 Georgi·
1867 1503 1914 1533 30

1029 1576 1105 1601 eon
1127 1562 1197 1600 lib.
1216 1578 1250 1600 1:
1279 1563 1524 1619 tribulaeque
1542 1564 1763 1619 trahaeque
1782 1570 1819 1602 et
1841 1565 1916 1601 ini-

1028 1646 1103 1686 quo
1128 1632 1301 1684 pondere
1326 1635 1464 1671 rastri.
1505 1633 1658 1671 Neutro
1682 1635 1808 1672 Varro
1834 1635 1915 1673 Re-

1026 1715 1112 1738 rum
1148 1703 1382 1740 rusticarum
1421 1703 1491 1741 lib.
1518 1718 1553 1741 1:
1590 1705 1696 1759 quod
1721 1703 1769 1755 fit
1807 1703 1918 1757 apud

1026 1771 1122 1808 alios
1149 1773 1342 1816 iumentis,
1371 1773 1431 1809 hie
1458 1773 1598 1810 tribulo
1624 1772 1686 1822 fit.

1079 1840 1251 1878 Tonpon
1288 1842 1445 1892 generis
1483 1843 1699 1880 masculini.
1722 1837 1913 1894 (p.229.)

1026 1909 1255 1947 Lucretius:
1304 1916 1441 1948 tantus
1496 1899 1737 1949 conduxerat
1784 1913 1914 1949 omnia

1025 1984 1170 2033 torpor.
1195 1993 1376 2018 TonPEno
1390 1981 1566 2018 feminini
1580 1981 1794 2019 Sallustius
1808 1982 1912 2019 Hist.

1025 2049 1093 2087 lib.
1117 2064 1149 2086 1:
1178 2049 1274 2087 haec
1300 2052 1338 2087 si
1353 2050 1524 2103 placent,
1557 2051 1593 2088 si
1614 2057 1728 2089 tanta
1751 2052 1913 2105 torpedo

1026 2119 1172 2156 animos
1201 2121 1403 2173 oppressit.

1083 2189 1250 2226 ΤΑΡΕΤΕ
1279 2190 1434 2240 generis
1462 2189 1603 2228 neutri.
1634 2190 1843 2242 Turpilius
1872 2195 1913 2229 et

1026 2327 1172 2370 afflictas
1197 2327 1276 2358 edd.
1302 2332 1403 2371 atque
1417 2328 1564 2359 abiectas
1578 2327 1766 2360 mssVatie.
1781 2327 1852 2359 AJ.
1875 2339 1911 2363 20

1027 2382 1221 2413 tumiditate
1247 2384 1309 2414 W.
1331 2395 1366 2426 p.
1391 2383 1580 2415 addicendo
1606 2384 1646 2414 L.
1669 2396 1704 2426 p.
1726 2384 1912 2416 abdicendo

1026 2439 1072 2470 Α.
1096 2450 1129 2481 p.
1157 2438 1297 2470 dicendo
1322 2441 1371 2471 M.
1396 2440 1440 2470 Ιη
1456 2439 1567 2471 eodem
1592 2452 1626 2483 p.
1654 2439 1753 2475 491,
1782 2440 1849 2471 51.
1874 2441 1912 2471 in

1025 2495 1138 2525 causis
1159 2500 1297 2538 propter
1321 2496 1423 2538 ng‚
1449 2496 1498 2528 M.

1029 2550 1105 2583 JM.
1131 2563 1230 2581 masc.
1253 2551 1376 2582 lVeutri
1405 2552 1515 2583 Varro
1541 2552 1700 2582 Mutuum
1717 2551 1765 2582 Μ.
1791 2557 1829 2582 ut
1842 2552 1910 2583 vie-

1484 2609 1579 2639 leuea
1603 2608 1644 2639 L.

1546 2495 1666 2527 Crassi
1701 2495 1912 2541 neglcglenda

1030 2612 1082 2638 ret
1105 2611 1226 2637 tortam
1251 2607 1437 2650 ejPalmer.
1699 2608 1912 2639 ministrasse

1029 2662 1212 2705 chalmer.
1254 2664 1410 2695 intectori
1434 2665 1475 2696 L.
1516 2663 1675 2707 infectori
1698 2664 1775 2700 AJ,
1801 2664 1909 2695 Turn.
1956 2701 1962 2704 -

1030 2720 1142 2751 Palm.
1170 2720 1231 2750 lib.
1258 2720 1294 2750 i:
1317 2720 1571 2764 sublimaequae
1600 2719 1784 2764 tralzequae
1809 2721 1849 2752 L.
1874 2731 1910 2755 30

1024 2775 1226 2819 traheaeque
1252 2776 1333 2808 edd.
1377 2777 1492 2819 pastri
1526 2778 1567 2809 L.
1627 2776 1721 2820 apud
1765 2788 1830 2808 om.
1868 2777 1909 2807 L.

1026 2831 1198 2863 Lucilius:
1225 2836 1341 2862 tantus
1365 2831 1506 2875 cjssoth.
1541 2833 1670 2864 animos
1696 2827 1909 2875 (pag.29-9.)

1025 2889 1178 2925 obressit,
1199 2899 1336 2931 psuper
1352 2901 1368 2920 s
1384 2900 1447 2921 ser.
1461 2890 1503 2921 L.
1521 2889 1668 2933 obrepsit
1677 2888 1749 2921 AJ.
1778 2888 1910 2932 deriqe-

1025 2950 1142 2977 rentur
1160 2945 1200 2976 L.
1226 2945 1422 2989 diriqentar
1438 2946 1506 2978 W.
1537 2946 1655 2978 Tumbi
1671 2947 1855 2978 masculini
1875 2954 1907 2977 10
