2174 3267
239 265 293 303 11.
346 262 421 300 DE
447 261 582 300 HON.
611 262 685 300 ET
715 261 842 301 NOV.
872 263 998 302 VET.
1026 263 1217 302 DICTIS
1245 264 1352 303 PER
1381 229 1677 303 LITTERAS.

55 370 220 409 eculeum
251 369 558 408 Damam-iamim
600 369 763 405 insanus
798 370 928 422 equiso

55 439 241 477 exhibebis
253 439 374 475 morbi
381 438 562 491 fluctibus
578 439 718 475 educat
731 452 925 491 umquam.

53 508 297 559 Pomponius
305 508 481 546 Decuma
493 508 675 545 fullonis:
705 507 772 544 ubi
783 508 930 544 insiluit

53 579 94 615 in
112 578 326 615 culeratum
347 577 537 621 eculeum,
556 577 608 614 ibi
624 577 771 614 tolutim
790 582 926 614 tortor.

103 647 433 693 ΕΜΑΝΟΗΡΑΤΗΜ,
470 647 675 684 subnixum
691 675 701 693 ,
740 647 928 684 deditum.

51 716 107 755 M.
121 717 279 754 Tullius
305 717 355 754 de
383 717 619 754 Senectute:
649 718 705 753 ita
730 716 843 753 nimis
871 729 929 752 se-

51 791 185 824 nectus
202 787 363 823 honesta
383 792 454 830 est,
476 788 512 823 si
527 799 567 823 se
587 787 673 839 ipsa
691 785 880 838 defendit,
899 787 935 822 si

52 857 111 893 ius
123 869 233 893 suum
242 857 396 901 retinet,
405 857 442 893 si
451 857 595 893 nemini
605 857 849 909 emancipata
861 861 931 899 est,

51 927 88 963 si
100 939 223 980 usqae
241 925 296 963 ad
311 926 484 963 ultimum
500 927 677 979 spiritum
696 913 931 963 dominatur.

54 1003 101 1033 20
140 995 356 1033 ExmnAm:
379 999 419 1033 et
444 995 696 1041 deiurare,
710 995 751 1033 id
768 995 932 1041 est‚val-

53 1065 102 1102 de
123 1065 269 1111 iurare,
280 1070 324 1102 ut
336 1065 528 1104 deamare.
544 1065 708 1102 Plautus
719 1065 932 1117 Amfitryo-

54 1149 122 1173 ne:
154 1136 395 1179 exiuravisti,
415 1140 453 1172 te
471 1134 564 1172 mihi
580 1134 669 1172 dixe
686 1149 760 1187 per
783 1135 931 1173 iocum?

104 1204 346 1249 ΕΧΟΒΝΑΒΕ,
368 1218 522 1249 ornare,
544 1209 588 1241 ut
615 1218 851 1250 EXTRUERE,
875 1205 932 1242 in-

53 1278 215 1313 struere.
239 1273 404 1310 Plautus
417 1274 456 1310 in
471 1273 676 1311 Aulularia
692 1288 700 1309 z
731 1274 934 1326 repudium

53 1343 164 1380 rebus
187 1344 358 1396 paratiS,
384 1343 580 1380 exornatis
607 1342 781 1395 nuptiis?
821 1343 933 1394 Virg.

53 1413 152 1451 Aen.
180 1413 249 1450 lib.
269 1427 353 1450 1111:
380 1413 660 1467 pulchramque
687 1413 847 1451 uxorius
870 1426 936 1450 ur-

54 1481 315 1521 bemExtruis.
332 1482 473 1520 Cicero
484 1482 795 1520 Tusculanarum
805 1482 874 1520 lib.
885 1496 914 1519 11
925 1497 934 1518 ε

54 1554 163 1591 modo
187 1559 244 1590 est
270 1553 405 1607 aliqua
423 1553 640 1605 patientia:
670 1554 706 1590 si
728 1553 838 1590 nulla
865 1558 936 1597 est,

55 1624 152 1678 quid
179 1636 414 1660 exornamur
437 1622 710 1677 philosophia?

59 1701 105 1730 30
175 1692 325 1736 EQmso
359 1706 432 1744 pro
457 1694 602 1745 equite.
642 1693 768 1731 Varro
792 1692 934 1732 Triho-‹

58 1762 141 1799 dite
177 1763 332 1808 triffiio,
372 1762 456 1812 peri
491 1767 712 1800 areteseos:
752 1776 844 1799 nam
867 1768 937 1800 avit

59 1845 159 1876 ecus,
180 1833 247 1886 qui
271 1831 325 1868 ad
347 1832 560 1868 vehendum
580 1838 637 1868 est
657 1838 788 1875 natus,
808 1837 937 1868 tamen.

58 1901 119 1939 hic
152 1902 327 1938 traditur
353 1901 552 1953 maqistro,
579 1906 623 1937 ut
648 1902 778 1954 equiso
802 1901 937 1939 doceat

58 1970 220 2008 tolutim.
253 1971 366 2008 Idem
381 1971 628 2022 Marcipore:
659 1984 774 2024 quam
792 1972 943 2009 nautici

59 2035 116 2092 (p.
135 2036 252 2087 106.)
273 2042 474 2095 equisones
499 2054 571 2094 per
592 2041 693 2077 viam
719 2054 798 2095 qua
824 2041 936 2079 duce-

58 2116 147 2147 rent
176 2111 274 2147 lora.
318 2110 431 2148 Idem
467 2110 774 2148 Eumenidihus:
814 2124 938 2164 neque

58 2179 252 2231 furentem
279 2181 447 2218 eculeum
467 2180 750 2217 Damacrinum
776 2181 937 2217 insanus

60 2250 191 2305 equiso
233 2249 422 2287 exhibebis
455 2250 578 2287 morbi
596 2248 778 2301 fluctibus
804 2250 938 2288 educet

60 2333 121 2355 ἳΜΠ
127 2333 151 2374 q
155 2333 241 2356 uam
248 2348 256 2356 .

62 2428 206 2472 churn.
229 2440 272 2459 ex
295 2429 400 2459 maris
425 2428 598 2472 chentin.
623 2439 665 2459 ex
682 2428 780 2458 hibus
798 2427 938 2471 choth.

61 2483 175 2515 educit
207 2485 351 2527 Popma.
396 2484 512 2516 educet
543 2484 686 2528 choth.
736 2484 941 2528 Pomponius

63 2552 99 2583 p.
122 2539 160 2576 4,
189 2540 248 2572 17.
278 2540 366 2578 182,
395 2541 457 2573 14.
485 2542 681 2572 culenarum
707 2542 754 2577 L,
782 2542 825 2571 A.
860 2540 941 2570 insi—

64 2596 117 2627 lui
140 2597 177 2627 in
202 2598 382 2628 cocleatnm
420 2596 535 2630 1526.
566 2597 640 2629 JM.
680 2597 941 2640 Emancipatmn

66 2656 144 2683 ante
168 2655 225 2690 A,
250 2654 297 2685 M.
322 2654 372 2685 ita
396 2655 483 2684 enim
508 2655 634 2695 mg'W.
668 2654 722 2684 sin
747 2653 849 2684 menti
873 2652 939 2683 W.

67 2718 103 2741 20
127 2709 157 2740 si
189 2710 292 2740 menti
329 2713 408 2741 ante
442 2712 489 2742 A.
529 2710 661 2742 dixisse
693 2714 772 2741 aute
796 2709 843 2740 Μ.
880 2721 941 2751 per

66 2764 189 2801 iovem,
214 2777 386 2809 suprascr.
412 2778 484 2797 cum
510 2767 578 2797 W.
625 2767 734 2797 I'arro
758 2778 790 2809 p.
818 2764 854 2801 4,
883 2764 942 2796 15.

67 2831 104 2856 30
142 2821 280 2853 triodilc
312 2824 356 2858 L,
390 2822 462 2854 AJ.
510 2823 653 2866 tripylio
676 2822 747 2854 JM.
793 2834 871 2853 nam
904 2826 942 2852 ut

69 2881 147 2908 ante
163 2878 211 2912 A,
226 2877 300 2909 JM.
328 2878 417 2909 Idem
442 2891 476 2921 p.
491 2877 584 2915 451,
603 2878 640 2910 5.
672 2879 823 2909 mczctilia
842 2879 882 2915 L⁷
896 2879 941 2908 A.

68 2930 160 2975 (pag.
179 2930 287 2968 106.)
311 2933 346 2965 d.
371 2936 445 2965 loca
468 2934 580 2966 AJM.
619 2934 840 2965 conducerent
872 2934 943 2965 loro

70 2989 136 3032 ch.
163 2988 297 3032 probM.
323 2989 415 3020 Idem
438 3002 474 3032 p.
497 2988 585 3025 105,
604 2989 664 3022 12.
702 2991 844 3022 insanus
867 2990 944 3033 quis

1810 266 1867 304 75

1043 369 1303 407 EUNUCHARE.
1342 371 1467 409 Varro
1490 371 1598 423 Lege
1624 371 1804 411 Maenia:
1835 373 1871 409 si

991 439 1060 493 qui
1080 440 1272 492 patriam,
1296 440 1477 478 maiorem
1502 447 1718 492 parentem,
1744 442 1867 479 extin-

988 509 1098 560 9uit,
1126 509 1168 544 in
1197 522 1239 544 eo
1268 514 1325 544 est
1357 501 1488 560 culpa:
1534 511 1638 564 quod
1667 510 1765 561 facit
1797 524 1870 563 pro

990 590 1064 614 sua
1081 583 1197 629 parte
1217 578 1264 621 is,
1288 579 1358 632 qui
1372 591 1412 614 se
1434 579 1627 616 eunuchac
1648 587 1716 618 atet
1736 581 1870 634 aliqua

989 647 1127 684 liberos
1150 647 1346 698 producit.

1044 715 1247 760 EQUILAM.
1277 716 1403 754 Varro
1416 714 1524 767 Lege
1537 717 1716 754 Maenia:
1742 732 1806 755 ne-
1826 726 1869 756 10

992 799 1051 823 mo
1063 790 1118 822 est
1129 791 1209 823 tam
1219 786 1437 839 negfleqens,
1447 786 1542 840 quin
1552 800 1700 824 sununa
1715 787 1874 839 diligen-

993 856 1050 892 tia
1059 855 1109 892 eli
1106 860 1176 907 φεῖ
1184 856 1333 893 asinum
1338 883 1350 900 ‚
1360 856 1429 910 qui
1436 868 1546 893 suam
1561 857 1680 893 saliat
1692 870 1763 910 equ
1768 856 1855 892 ilam
1864 885 1872 892 .

1047 924 1239 962 Esunmo.
1281 925 1410 962 Varro
1433 925 1535 963 Tase
1554 926 1786 978 Miuippou:
1814 925 1880 963 ubi

994 994 1110 1039 lubet,
1131 995 1188 1031 ire
1206 994 1294 1032 licet
1309 993 1535 1032 accubitum.
1555 996 1693 1033 accedo
1704 1001 1877 1040 strenuo,

996 1065 1220 1109 sussilimus,
1241 1065 1346 1118 quod
1362 1067 1512 1117 esuriyo
1534 1064 1709 1115 findebat
1734 1072 1874 1103 costas.

1048 1134 1238 1171 Emeum.
1269 1134 1396 1172 Varro
1413 1135 1623 1186 Sexagesi:
1652 1148 1694 1172 se
1716 1135 1877 1172 eircum-

997 1215 1113 1255 spexe
1132 1208 1251 1257 atque
1266 1203 1470 1247 invenisse,
1497 1217 1580 1240 cum
1603 1204 1770 1241 dormire
1795 1218 1876 1242 coe-

995 1273 1116 1324 pisset
1133 1277 1212 1309 tam
1231 1272 1367 1325 qlaber
1382 1285 1500 1327 quam
1514 1272 1709 1317 Socrates,
1726 1273 1879 1325 qalbani

998 1353 1080 1377 esse
1119 1340 1266 1388 factum
1301 1343 1459 1379 ericium
1494 1355 1513 1379 e
1542 1342 1632 1393 pilis
1669 1342 1764 1380 albis
1797 1356 1881 1381 cum

996 1410 1233 1463 proboscide.

1052 1479 1346 1525 ELUCJFmARE,
1377 1481 1524 1518 dietum
1550 1495 1570 1518 a
1594 1481 1694 1519 luce.
1738 1480 1813 1519 La·
1833 1490 1878 1519 20

998 1549 1154 1587 bei-ius:
1183 1550 1238 1587 sic
1265 1551 1317 1587 ito
1340 1550 1525 1603 fulgsentis
1547 1551 1750 1604 splendore
1768 1565 1881 1605 pecu-

999 1620 1089 1657 niae
1108 1620 1202 1657 Volo
1218 1620 1435 1670 elucisicare
1449 1623 1589 1659 exitum
1601 1623 1743 1659 aetatis
1758 1634 1877 1658 meae.

1052 1689 1213 1728 Exloon
1238 1704 1310 1742 pro
1337 1705 1357 1728 a
1383 1705 1444 1729 me
1471 1691 1654 1742 exigitur.
1683 1691 1880 1729 Caecilius

1000 1759 1177 1796 Excino:
1216 1773 1283 1812 eqo
1320 1761 1419 1798 illud
1443 1762 1568 1798 minus
1600 1761 1718 1799 nihilo
1750 1762 1882 1814 exiqor

998 1830 1224 1882 portorium.

1053 1898 1272 1936 EDULCARE
1308 1912 1380 1950 pro
1408 1899 1561 1937 dulcius
1588 1900 1728 1937 facere.
1774 1899 1879 1936 Mat-

1002 1969 1097 2006 tius:
1115 1975 1352 2022 quapropter
1366 1969 1546 2006 edulcare
1562 1970 1735 2006 convenit
1749 1971 1880 2013 vitam,

1001 2038 1226 2093 Plurasque
1252 2038 1410 2076 acerbas
1432 2038 1605 2076 sensibus
1627 2039 1878 2091 {juber-nasse.

1052 2109 1239 2154 EQUlTEM
1271 2123 1345 2160 pro
1376 2122 1488 2161 equo.
1528 2107 1878 2160 vii-g.·Geo1-gieo-

1001 2192 1085 2216 rum
1112 2179 1180 2217 lib.
1201 2193 1262 2216 111:
1292 2185 1408 2233 atque
1432 2179 1596 2232 equitem
1620 2178 1781 2215 docuere
1810 2178 1879 2214 sub

1003 2249 1123 2285 armis
1149 2249 1349 2286 Insultare
1377 2249 1469 2293 solo,
1492 2254 1530 2285 et
1551 2260 1708 2299 (qt-essus
1732 2247 1811 2299 ylo·
1831 2255 1876 2285 30

1002 2331 1152 2355 merare
1166 2318 1362 2372 superbos.
1393 2318 1543 2356 Ennius
1559 2317 1704 2355 Annali
1720 2317 1788 2354 lib.
1805 2330 1877 2354 vu:

1002 2427 1148 2458 exibebis
1164 2427 1205 2459 L.
1233 2427 1347 2472 equiso
1364 2428 1428 2463 W,
1445 2426 1574 2458 litteris
1596 2438 1613 2456 e
1629 2428 1664 2457 et
1677 2437 1694 2457 o
1708 2434 1878 2468 suprascr.

1001 2483 1124 2514 educat
1150 2482 1264 2515 1526.
1289 2484 1360 2516 JM.
1385 2483 1570 2527 autuliqui
1582 2482 1650 2519 XV,
1664 2482 1716 2513 M.
1740 2486 1802 2512 aut
1814 2480 1878 2511 ali-

1004 2540 1060 2570 cui
1083 2544 1160 2571 ante
1185 2541 1230 2571 A.
1254 2539 1348 2571 haud
1361 2541 1479 2584 aliqua
1506 2540 1688 2583 chopma.
1713 2538 1821 2580 quiin
1847 2546 1879 2570 10

1003 2607 1130 2627 summa
1153 2596 1193 2627 L.
1218 2601 1351 2628 strenue
1374 2596 1449 2628 JM.
1474 2597 1585 2627 Varro
1609 2595 1690 2627 Sex.
1714 2590 1877 2637 p.49,8.

1003 2652 1098 2683 Socr.
1122 2652 1255 2695 ι(ΙαῑΙιιπι
1280 2652 1474 2696 chentin.‚
1499 2653 1534 2684 J.
1568 2652 1663 2684 Socr.
1690 2651 1822 2682 calvum
1847 2647 1878 2690 ej

1004 2707 1166 2744 Bcntin.‚
1191 2709 1241 2740 Μ.
1280 2708 1446 2740 Laberius
1471 2707 1560 2740 Gell.
1591 2706 1659 2745 10,
1690 2706 1755 2744 17,
1781 2705 1817 2737 4.
1843 2716 1879 2739 20

1005 2765 1054 2795 sic
1087 2765 1152 2795 cilo
1188 2763 1305 2796 1526.
1339 2765 1374 2797 J.
1413 2766 1463 2796 sic
1486 2777 1545 2808 eqo
1575 2766 1623 2797 M.
1660 2762 1815 2807 fulqenti
1838 2762 1878 2792 L.

1006 2819 1178 2852 Caecilius
1202 2819 1290 2852 Gell.
1318 2819 1380 2857 15,
1409 2820 1470 2857 14,
1496 2820 1533 2852 5.
1560 2819 1731 2851 Aeschino
1757 2817 1880 2859 ejBen-

1006 2877 1089 2913 tin„
1114 2875 1188 2907 JM.
1221 2875 1370 2907 Blattius
1395 2875 1486 2908 Gell.
1515 2875 1577 2913 15,
1600 2875 1663 2912 25,
1688 2874 1724 2906 2.
1756 2873 1880 2905 Curas—

1008 2943 1070 2975 que
1093 2932 1128 2962 A
1153 2931 1188 2961 in
1205 2932 1438 2972 corrigendis,
1462 2931 1536 2963 ΠΙ.
1563 2931 1698 2962 senibus
1721 2931 1786 2964 VV,
1801 2932 1880 2959 ant«-

1009 2987 1052 3019 A.
1091 2987 1190 3028 Viry.
1218 2999 1250 3029 p.
1277 2986 1380 3024 295,
1408 2986 1470 3019 19.
1497 2986 1596 3021 550.
1631 2985 1690 3019 18.
1718 2984 1813 3016 591.
1841 2983 1877 3014 3.

1458 3041 1513 3078 10
