2174 3267
338 179 437 218 1111.
491 179 563 216 DE
591 178 766 218 VARIA
795 177 1252 218 SIGNIFICATIONE
1281 177 1604 219 SERMONUM.

76 285 150 322 bito
170 286 266 339 quid
277 298 533 340 quaecumque
548 285 598 322 sit
609 285 946 323 lautimacuiictum

78 354 277 406 eliqantem
302 353 513 404 maym'fi'ce.
538 369 661 408 neque
685 357 808 392 minus
832 368 947 409 quam

78 424 248 467 deceret,
276 423 396 460 colere
424 423 693 460 instituissent.

80 500 126 530 30
201 490 368 528 LENTUM
382 491 576 542 significat
592 493 755 530 tardum.
780 492 836 529 M.
848 492 946 529 Tul—

77 561 151 597 lius
173 560 221 597 de
242 559 302 598 Re
327 560 483 611 publica
509 561 576 597 lib.
597 575 644 597 v:
673 561 886 598 lilarcellus
906 567 947 599 ut

76 635 181 667 tacer
194 635 231 666 et
241 642 402 681 puynax
413 644 428 673 ,·
454 629 650 667 Maximus
670 635 711 666 ut
730 631 947 668 considera-

76 705 152 743 tus,
177 705 218 735 ut
231 699 371 736 lentus.
401 699 448 736 In
464 699 700 737 Hortensio:
720 699 820 737 hunc
831 699 946 737 Cras·

76 781 172 812 sum,
187 762 258 822 qui
271 769 425 812 lentius,
445 774 487 805 ut
504 769 622 812 scitis,
641 769 768 805 dicere
791 768 948 812 solebat,

77 834 133 888 (p.
148 832 268 883 558.)
307 838 361 875 ad
400 838 645 875 imitationem
677 838 792 891 quasi
827 839 953 874 nostri

74 907 227 958 generis
253 906 501 943 contendisse.
540 906 729 952 Lentum,
758 921 949 953 securum,

79 977 257 1013 otiosum.
286 976 391 1026 Virg.
406 976 444 1012 in
457 975 676 1014 Bucolicis:
699 989 765 1013 nos
777 977 949 1030 patriam

77 1044 264 1096 ficqimusg
272 1051 327 1090 tu,
346 1046 496 1096 Tytyre,
507 1046 631 1083 lentus
640 1046 680 1082 in
690 1045 835 1083 mnbra.
846 1046 948 1083 Len-

80 1120 175 1160 tum,
187 1115 410 1153 flexuosum.
431 1115 541 1166 Virg.
554 1116 592 1152 in
610 1115 828 1153 Bucolicis:
845 1116 950 1152 lenta

78 1184 179 1220 saltz
194 1190 379 1238 quantum
397 1184 559 1237 pallenti
569 1185 667 1221 cedit
682 1184 812 1221 olivae.
840 1184 950 1222 Idem

81 1252 226 1304 Georg.
260 1254 325 1290 lib.
347 1268 385 1290 1:
422 1259 540 1307 atque
580 1253 769 1290 Amerina
805 1259 952 1306 parant

79 1322 205 1358 lentae
224 1323 440 1359 retinacula
461 1323 542 1359 viti.
572 1321 739 1360 Lentum
752 1351 762 1367 ‚
783 1323 952 1374 patiens,

81 1391 288 1442 placidum.
316 1391 370 1429 M.
388 1392 544 1429 Tullius
568 1392 607 1428 in
620 1392 856 1429 Hortensio:
888 1392 955 1445 qui

82 1473 164 1498 cum
178 1460 352 1512 publicas
369 1461 533 1497 iniurias
552 1461 653 1498 lente
671 1461 832 1504 tulisset,
845 1473 954 1498 suam

88 1537 129 1567 10
157 1544 234 1566 non
258 1530 358 1567 tulit.
398 1530 590 1575 Lentum,
614 1531 741 1568 facile.
778 1530 954 1569 Lucilius

83 1599 308 1650 Satyrarum
346 1599 414 1637 lib.
437 1614 497 1637 xl:
529 1599 642 1638 Cotta
677 1613 793 1637 senex
825 1600 959 1638 Crassi

82 1673 196 1721 pater
227 1668 339 1705 liuius
371 1681 505 1721 pacem
537 1669 710 1720 lllaqnus
748 1671 841 1707 trico
878 1669 954 1717 fuit

84 1739 343 1781 mmmm-ias,
369 1737 514 1774 solvere
538 1738 636 1775 nulli
653 1738 816 1775 Lentus.
853 1737 954 1775 Len-

86 1811 187 1854 tum,
206 1811 337 1849 tenax.
376 1806 541 1844 Plautus
561 1806 823 1844 Meneehmis:
852 1808 957 1844 lenta

85 1877 214 1913 vincta
232 1881 322 1913 sunt
336 1876 479 1912 scaria.
510 1876 617 1926 Virg.
634 1876 778 1926 Georg.
794 1876 861 1913 lib.
876 1890 956 1914 1111:

87 1950 124 1982 et
155 1944 255 1982 visco
287 1950 323 1981 et
344 1944 502 1996 Friqiae
526 1950 684 1982 servant
706 1947 789 1998 pice
816 1946 957 1983 lentius

86 2012 197 2052 Idae.
239 2013 419 2058 Leutun„
445 2015 636 2066 frig-idum.
674 2015 784 2065 Virg.
810 2013 956 2064 Georg.

87 2082 156 2119 lib.
178 2097 211 2120 1:
239 2088 348 2120 nocte
369 2083 467 2120 leues
493 2084 625 2121 melius
648 2084 826 2136 stipulae,
850 2089 958 2121 nocte

89 2152 206 2189 arida
246 2158 366 2204 prata
411 2153 655 2197 Tondentur,
684 2154 805 2191 noctis
833 2153 958 2191 lentus

91 2235 167 2258 non
193 2221 321 2271 deficit
345 2222 490 2259 humor.
539 2222 681 2261 Cicero
712 2223 761 2259 de
787 2222 957 2260 Orzitoie

91 2291 160 2329 lib.
184 2305 235 2329 11:
273 2305 395 2346 neque
418 2292 518 2329 enim
541 2298 596 2330 est
619 2292 737 2343 facile
757 2291 957 2344 perficere,

94 2412 133 2432 ac
158 2401 290 2432 victime
312 2402 445 2446 legante
469 2401 512 2433 B.
540 2401 656 2432 dubito
681 2402 762 2445 quin
776 2403 964 2445 quicunque

94 2456 249 2487 vestitum
266 2457 397 2488 lautum
420 2457 465 2488 ad
481 2458 607 2488 victum
623 2458 804 2501 elegantem
822 2456 961 2499 cherc.

95 2511 178 2553 quin
189 2535 196 2542 .
208 2513 354 2544 .lautum
371 2514 496 2544 victum
519 2519 550 2544 et
565 2514 746 2557 elegantem
759 2537 766 2544 .
780 2515 963 2544 Anninus-

97 2576 132 2600 30
154 2572 202 2597 set
216 2568 337 2610 fragm.
354 2568 417 2600 Or.
441 2575 479 2600 ut
492 2581 566 2600 acer
579 2576 611 2600 et
620 2581 764 2612 puqnax
788 2568 962 2611 chauter.

100 2619 304 2664 (pag.558.)
322 2624 358 2659 5,
377 2623 439 2655 22.
465 2630 497 2655 et
519 2626 632 2657 lentus
656 2625 758 2655 idem.
784 2624 873 2656 485.
897 2625 960 2656 cfr.

102 2688 134 2711 io
159 2689 194 2719 p.
213 2677 280 2714 22,
294 2678 359 2711 50.
395 2679 513 2711 Lucin'
537 2679 635 2711 Cotta
651 2704 657 2710 .
673 2679 783 2710 Jmiu'
817 2680 964 2711 Panaeti

103 2732 218 2765 1526.
244 2734 342 2766 Bent.
367 2735 526 2768 J.Dusa.
553 2735 686 2778 ch.I)·
710 2747 766 2779 ηρ.
791 2737 837 2768 Μ.
857 2736 888 2768 1.
927 2735 963 2765 L.

100 2788 139 2821 C.
154 2813 160 2819 .
174 2789 283 2821 ‚huiu'
304 2802 440 2833 peracer
454 2792 592 2835 Maqnu’
612 2792 685 2834 fuit
704 2792 786 2822 trico
807 2791 965 2834 churet.

100 2846 143 2876 V.
170 2847 209 2877 L.
236 2846 270 2881 5,
295 2844 330 2875 8.
354 2849 456 2878 troico
469 2848 509 2878 Β.
535 2849 664 2878 escaria
682 2848 779 2889 Vulg.
807 2848 895 2879 visco
920 2847 965 2878 cf.

102 2914 133 2944 p.
164 2900 249 2937 108,
263 2900 326 2932 27.
351 2903 514 2944 stupilae.
531 2928 537 2934 .
555 2910 694 2944 .para1a
720 2904 784 2934 W.
799 2903 906 2945 facile
919 2908 967 2933 est

1788 178 1874 218 251

1008 293 1051 324 ut
1070 288 1266 324 irascatur
1285 288 1334 331 ei,
1350 290 1413 324 cui
1434 292 1476 324 tu
1498 286 1604 330 velis,
1621 285 1748 329 iudex,
1769 286 1806 322 si
1828 294 1874 324 20

1008 362 1050 393 tu
1076 359 1156 410 ipse
1185 358 1227 393 id
1251 357 1352 393 lente
1376 356 1483 408 ferre
1509 356 1677 393 videare.

1059 425 1201 464 LocUM
1224 425 1343 462 decus
1373 425 1590 475 significare
1615 424 1698 461 vult
1737 425 1880 462 Accius

1009 493 1218 531 Diomede:
1248 507 1325 530 non
1351 507 1474 544 genus
1504 496 1626 531 virum
1658 500 1785 539 ornat,
1816 507 1879 545 qe-

1007 565 1096 599 neri
1113 563 1174 599 vir
1201 562 1296 612 forti
1321 562 1413 599 loco.

1060 631 1256 668 Linouon
1269 635 1328 668 est
1342 636 1480 682 torpor
1497 636 1536 668 et
1551 631 1702 669 inertia.
1713 631 1768 668 M.
1783 631 1880 668 Tul-

1008 700 1083 737 lius
1107 701 1156 737 de
1177 699 1329 737 Officiis
1353 700 1422 736 lib.
1441 715 1472 736 1:
1500 700 1594 736 nihil
1616 705 1741 736 autem
1761 703 1880 751 maqis

1011 769 1220 806 cavendum
1250 775 1307 805 est
1338 769 1546 812 senectuti,
1577 781 1691 822 quam
1721 782 1769 805 ne
1797 769 1881 806 lan—

1009 840 1124 891 quori
1153 851 1194 875 se
1230 839 1477 893 desidiaeque
1509 838 1641 875 dedat.
1685 837 1886 888 Languor,

1014 908 1181 945 defectio
1217 912 1255 945 et
1293 908 1510 945 dissolutio.
1549 908 1660 958 Virg.
1686 908 1753 945 lib.
1773 922 1883 946 vnn:

1009 990 1230 1030 purpureus
1255 978 1374 1014 veluti
1396 991 1479 1015 cum
1501 976 1573 1030 flos
1599 978 1766 1014 succisus
1790 991 1882 1015 ara-

1014 1052 1073 1083 tro
1088 1046 1324 1098 Lanqecescit
1336 1047 1514 1083 moriens.
1544 1046 1654 1084 Idem
1670 1046 1736 1084 lib.
1750 1061 1811 1084 xi:
1833 1056 1879 1085 30

1014 1116 1164 1169 qualem
1196 1116 1368 1167 virqineo
1406 1116 1615 1152 demessum
1649 1117 1783 1166 pollice
1813 1115 1885 1169 flo-

1014 1198 1094 1221 rem
1120 1183 1196 1222 Seu
1228 1185 1353 1221 molles
1380 1185 1522 1228 violae,
1566 1197 1633 1222 seu
1669 1186 1886 1236 lanquentis

1014 1254 1173 1304 yacinti.

1067 1321 1238 1359 Lommm
1270 1326 1330 1358 est
1362 1335 1434 1370 per
1464 1321 1621 1373 planum
1652 1329 1889 1374 porrectum.

1017 1391 1126 1440 Virg.
1140 1390 1286 1440 Georg.
1307 1391 1373 1428 lib.
1391 1404 1458 1428 111:
1480 1396 1570 1428 tunc
1582 1391 1693 1444 lonyo
1710 1388 1888 1444 (pb-39.)

1016 1461 1142 1498 nullus
1156 1462 1274 1498 lateri
1286 1461 1428 1498 modus.
1456 1460 1647 1513 Longum,
1660 1463 1792 1508 altum,
1806 1477 1890 1500 ere-

1018 1534 1132 1568 ctum.
1143 1531 1254 1582 Virg.
1268 1532 1365 1568 Aen.
1380 1531 1448 1568 lib.
1461 1544 1548 1568 vnn
1560 1546 1568 1567 :
1583 1537 1690 1568 stant
1698 1531 1819 1582 lonyis
1831 1532 1890 1569 in-

1016 1601 1099 1637 nixi
1108 1600 1244 1644 hastis,
1255 1606 1292 1637 et
1300 1605 1411 1637 scuta
1422 1601 1597 1638 tenentis.
1606 1600 1796 1652 Longum.
1807 1601 1891 1639 diu-

1018 1675 1186 1715 turnum,
1206 1683 1474 1721 perseverans
1497 1670 1605 1721 Virg.
1623 1671 1722 1708 Aen.
1748 1671 1895 1709 lib.1112

984 1782 988 1788 Ι
1020 1744 1056 1775 et
1083 1740 1235 1791 lonqum
1250 1739 1551 1777 Andromachae
1576 1745 1770 1777 testantur
1789 1754 1891 1778 amo-

1021 1822 1110 1845 rem.
1118 1807 1312 1859 Longum,
1322 1822 1492 1853 saevum,
1502 1809 1893 1863 perniciosum.Vi1·g.

1021 1876 1120 1914 Aen.
1144 1876 1211 1914 lib.
1235 1890 1267 1913 1:
1297 1877 1430 1928 infelix
1448 1877 1565 1920 Dido,
1587 1879 1813 1933 longumque
1837 1879 1891 1918 bi-

1022 1946 1131 1983 bebat
1149 1959 1326 1984 amorem.
1356 1946 1492 1997 Longe
1506 1948 1621 1985 etiam
1636 1949 1762 1986 valde.
1781 1950 1891 2002 Virg.

1023 2015 1121 2053 Aen.
1151 2015 1218 2052 lib.
1242 2029 1286 2052 v:
1325 2022 1416 2054 ante
1437 2018 1558 2054 omnis
1585 2023 1713 2071 stupet
1738 2020 1817 2072 ipse
1845 2027 1890 2058 10

1023 2083 1166 2129 Dares,
1187 2085 1373 2139 longeque
1395 2092 1560 2124 recusat.
1591 2087 1648 2126 M.
1669 2088 1826 2127 Tullius
1853 2089 1894 2126 in

1023 2154 1187 2192 Verrem
1203 2155 1251 2193 de
1262 2156 1455 2194 Praetura
1470 2156 1684 2195 Siciliensi:
1710 2158 1770 2196 hic
1784 2159 1894 2211 longe

1020 2224 1166 2275 primus
1181 2225 1346 2262 civitatis
1365 2231 1422 2263 est
1435 2224 1656 2280 Epicrates.
1667 2227 1720 2265 Et
1733 2228 1782 2265 de
1797 2227 1893 2266 Offi-

1024 2293 1094 2330 ciis
1120 2293 1189 2330 lib.
1213 2307 1245 2330 1:
1274 2295 1315 2331 in
1337 2294 1396 2332 his
1425 2300 1462 2333 et
1488 2295 1711 2334 nobilissimi
1729 2297 1892 2349 philoso-

1028 2401 1173 2433 Billerb.
1210 2402 1293 2432 velis
1317 2402 1348 2432 si
1373 2403 1426 2434 vel
1450 2402 1553 2434 iudex
1576 2405 1629 2436 vel
1653 2405 1724 2442 ipse
1743 2404 1836 2448 ferre
1859 2416 1895 2439 20

1027 2457 1063 2487 id
1088 2457 1133 2488 A.
1158 2457 1192 2488 J.
1217 2457 1321 2487 iudex
1335 2458 1444 2489 sicubi
1459 2459 1529 2502 ipse
1546 2459 1583 2490 id
1599 2460 1726 2503 lentes.
1743 2473 1774 2492 υ.
1801 2461 1893 2502 ng.

1025 2513 1158 2556 'qeneris
1170 2513 1222 2543 vir
1230 2512 1443 2557 fortisVulg.
1457 2515 1536 2546 loco.
1551 2516 1659 2547 Locus
1673 2515 1758 2559 p.54
1768 2516 1894 2553 1.9.A.

1027 2568 1149 2599 adnixi
1173 2568 1272 2610 Virg.
1312 2574 1454 2601 testatur
1475 2570 1520 2602 A.
1545 2568 1897 2615 lonq...(pag.559.)

1028 2635 1091 2654 am.
1116 2635 1179 2654 om.
1197 2624 1242 2655 A.
1267 2624 1326 2655 sed
1351 2623 1453 2657 habet
1476 2637 1504 2657 v.
1533 2626 1593 2658 19.
1618 2631 1694 2670 post
1716 2629 1894 2660 sententia.

1028 2679 1128 2710 huius
1152 2680 1248 2723 Ionqe
1270 2680 1389 2711 Klotz.
1423 2682 1581 2727 longeque
1601 2695 1657 2726 pr.
1676 2682 1736 2715 Or.
1770 2685 1837 2715 cui-
1865 2695 1897 2720 ιο

1029 2735 1134 2766 der-im
1159 2735 1200 2765 ln
1223 2735 1295 2766 vita
1322 2748 1410 2767 meae
1440 2738 1609 2782 epitaqma
1634 2740 1740 2782 apelli
1768 2740 1810 2771 B.
1842 2740 1896 2771 de-

1030 2791 1206 2822 ciminutia
1236 2791 1282 2822 A.
1310 2791 1347 2823 J.
1382 2792 1490 2825 Dusa.
1524 2794 1604 2825 dedi
1626 2796 1788 2827 minutiae
1811 2808 1899 2827 meae

1032 2845 1228 2888 ἒπίτευγμα,
1252 2847 1397 2890 appendi
1421 2849 1514 2891 mgr-1.
1537 2850 1577 2880 al.
1596 2862 1647 2892 ap.
1662 2851 1799 2882 Dusam.
1832 2852 1899 2895 epi-

1034 2903 1146 2945 teqina
1158 2902 1281 2945 appedi
1294 2903 1386 2935 A.J.
1411 2905 1599 2948 epiteqinae
1616 2908 1771 2949 appepeli
1791 2908 1897 2939 Dusa.
