2174 3267
1761 236 1868 264 xxxl

44 335 166 374 terea
200 329 244 371 in
277 334 475 373 mentem
510 330 644 374 venit.
692 329 914 391 Agnosco
937 346 1155 375 summam
1182 330 1375 378 hominis
1398 334 1630 394 incuriam,
1664 335 1870 386 videlieet

41 413 88 457 in
122 415 335 474 quantum
369 412 606 457 memoriae
651 411 833 458 entheca
881 413 1124 476 subrogare
1160 416 1306 475 potuit
1334 414 1585 462 scribentis.
1649 419 1718 465 At
1752 422 1870 467 enim

40 507 147 537 vero
184 490 291 538 dolo
325 491 445 538 malo
474 492 746 539 confinxisse
771 491 1010 553 vocabula,
1044 493 1203 553 libros⁷
1237 496 1514 558 scriptores,
1535 501 1743 548 nimirum
1773 521 1871 550 eru-

40 572 219 619 ditionis
256 573 535 620 ostentandae
583 576 756 638 gratia⁷
802 576 898 621 iure
944 575 1142 639 quodam
1189 593 1291 622 meo
1334 576 1442 622 mihi
1487 579 1644 627 videor
1686 601 1871 648 negare.

38 654 186 702 Multa
221 656 466 718 reperient,
501 673 695 718 quorum
729 655 774 700 id
798 658 1002 716 interest,
1037 656 1260 703 voeabula
1285 658 1509 720 explicata
1531 662 1692 709 eodem
1717 667 1872 726 modo⁷

39 736 271 800 quomodo
306 737 579 801 Fulgentius
615 737 881 801 explicavit⁷
916 741 961 783 in
995 738 1244 803 glossariis,
1278 743 1528 802 praesertim
1561 744 1727 792 Isidori
1759 766 1800 793 v.
1837 766 1873 795 c.

39 819 244 883 eloqium,
278 821 450 878 dromo,
485 825 668 877 tucceta,
704 820 969 881 simpulalor
1005 816 1080 878 (de
1114 839 1155 866 v.
1192 823 1438 867 memmium
1482 823 1570 868 vid.
1604 826 1729 890 Ang.
1763 827 1875 874 Mai.

37 901 172 947 Nova
208 901 326 948 Coll.
359 909 390 947 t.
426 902 482 948 V.
515 920 559 964 p.
596 900 712 947 122.
746 903 972 948 Murator.
1006 905 1116 949 Rer.
1153 903 1255 949 Ital.
1291 903 1460 967 Seript.
1494 913 1524 950 t.
1547 907 1632 952 IV.
1663 926 1706 971 p.
1726 908 1756 954 ’7
1763 909 1794 954 7
1816 907 1873 970 a.)

39 981 286 1029 Librorum
332 983 514 1047 quidam
560 984 676 1028 tituli
721 984 1033 1047 superioribus
1084 988 1285 1049 suspecti
1330 989 1419 1033 iam
1466 990 1719 1037 confirmati
1769 1002 1875 1040 sunt

41 1064 338 1127 scriptoribus
371 1083 530 1112 recens
565 1067 785 1124 inventis,
831 1067 963 1112 sicuti
1006 1066 1162 1112 Plauti
1209 1068 1440 1115 Caeistum
1486 1071 1621 1119 hodie
1668 1077 1875 1122 novimus

43 1146 233 1193 eandem
265 1146 466 1192 fabulam
501 1165 600 1194 esse
635 1156 771 1210 atque
805 1147 1115 1207 Vidulariam3
1156 1150 1350 1212 Tagetis
1384 1151 1711 1218 Labeonisque
1748 1156 1876 1204 (lisci-

42 1228 210 1291 plinam
244 1229 489 1273 Etruscam
524 1236 568 1273 et
599 1228 758 1272 Numae
792 1227 1008 1290 Pompilii
1041 1229 1333 1290 pontificalia⁷
1364 1232 1410 1275 in
1437 1233 1601 1295 quibus
1638 1242 1878 1300 tantopere

44 1308 233 1356 offendit
263 1307 582 1365 Ruhnkenius,
617 1310 743 1354 novit
777 1309 910 1354 etiam
939 1310 1216 1355 Laurentius
1239 1311 1414 1375 Lydus.
1481 1316 1557 1360 Ex
1579 1317 1648 1362 his
1673 1318 1879 1381 efficitur,

44 1400 95 1438 ut
128 1393 261 1438 etiam
296 1391 352 1438 de
384 1391 454 1437 his
488 1391 644 1450 titulis,
681 1393 758 1455 qui
792 1391 914 1454 apud
945 1392 1092 1438 solum
1127 1393 1422 1457 Fulgentium
1457 1405 1652 1459 exstant7
1692 1418 1879 1466 scrupu-

44 1473 184 1520 losius
220 1473 414 1519 dubitari
450 1473 629 1520 debeat.
694 1475 758 1520 Ut
793 1474 1001 1537 exemplo
1036 1483 1161 1521 utar:
1199 1476 1255 1523 de
1289 1478 1407 1525 Fato
1453 1480 1570 1528 liber
1607 1484 1879 1531 Tertulliani

47 1563 116 1603 est
150 1556 358 1603 omnibus
394 1556 575 1620 quidem
609 1559 810 1621 ignotus,
846 1557 927 1604 sed
959 1560 996 1603 is
1032 1561 1109 1622 qui
1143 1560 1333 1607 Minucii
1367 1561 1532 1608 Felicis
1579 1569 1761 1614 nomine
1800 1571 1882 1615 cir-

49 1637 398 1696 cumserehatur,
433 1655 533 1683 cum
567 1639 878 1702 Hieronymus
912 1640 1037 1685 malit
1071 1640 1128 1685 ab
1159 1641 1246 1688 alio
1269 1644 1485 1706 seriptum
1513 1653 1690 1708 putare9
1727 1650 1883 1712 quidni

49 1718 293 1765 nonnullos
341 1719 627 1766 Tertulliano
672 1719 883 1765 tribuisse
931 1723 1244 1784 suspicemur?
1329 1725 1626 1790 Quapropter
1675 1735 1880 1794 quamvis

50 1800 190 1845 multa
233 1802 370 1846 insint
415 1802 460 1844 in
495 1799 802 1863 Fulgentiano
848 1800 1002 1846 libello
1041 1812 1344 1865 properanter
1391 1823 1444 1852 ae
1483 1809 1663 1856 sinistre
1696 1814 1881 1874 scripta,

52 1893 174 1929 certe
210 1900 290 1928 eur
323 1883 493 1928 fraudis
529 1889 638 1928 nota
671 1883 891 1941 inuratur,
922 1882 1071 1929 fateor
1107 1902 1177 1930 me
1213 1904 1305 1932 non
1339 1888 1506 1934 videre.

183 1965 397 2012 Ceterum
430 1964 485 2010 de
520 1965 752 2028 Fulgentii
786 1967 983 2025 nomine,
1019 1974 1166 2027 aetate,
1202 1970 1381 2032 scriptis
1417 1974 1630 2034 quoniam
1664 1976 1884 2025 Munelze-

52 2065 129 2093 rus
163 2050 272 2093 satis
305 2046 547 2110 diligenter
580 2047 815 2105 disseruit⁷
860 2056 1068 2110 superest
1114 2057 1163 2095 ut
1199 2049 1254 2096 de
1288 2050 1420 2098 huius
1455 2053 1662 2102 editionis
1698 2061 1885 2108 consilio

54 2138 99 2177 et
132 2129 344 2175 subsidiis
379 2146 525 2192 pauca
560 2127 771 2174 dicamus,

183 2211 533 2273 Expositionem
567 2227 827 2256 sermonum
864 2212 1180 2274 antiquorum⁷
1228 2221 1473 2278 antequam
1517 2226 1613 2264 tota
1649 2221 1767 2268 edita
1802 2233 1885 2284 est,

55 2295 100 2338 in
149 2291 351 2338 membra
400 2291 638 2338 dissectam
683 2293 898 2338 Iunianus
948 2295 1097 2339 Maius
1147 2298 1328 2358 corpori
1376 2315 1459 2344 suo
1510 2302 1584 2347 De
1632 2306 1885 2365 priscorum

57 2377 336 2439 proprietate
371 2374 614 2421 verborum
648 2377 865 2433 inseruit7
920 2377 997 2438 qui
1039 2375 1156 2422 liber
1200 2378 1368 2440 prodiit
1417 2382 1614 2429 Tarvisii
1656 2403 1694 2431 a.
1733 2386 1887 2434 1477.

57 2459 282 2519 Princeps
331 2455 466 2502 editio
509 2457 729 2518 impressa
778 2464 847 2503 est
882 2456 1130 2502 Mediolani
1166 2462 1284 2522 typis
1318 2461 1519 2509 Ulderiei
1554 2464 1886 2529 Seinzenzeler,

59 2557 165 2585 cura
199 2539 267 2585 Io.
301 2539 437 2600 Bapt.
472 2539 546 2583 Pii
593 2539 926 2598 Bononiensis,
978 2541 1054 2602 qui
1099 2541 1490 2606 Mythologiarum
1541 2548 1739 2594 eiusdem
1780 2551 1888 2596 Ful-

62 2622 201 2684 gentii
244 2620 388 2666 tribus
433 2620 558 2665 libris
609 2620 697 2666 boe
743 2628 969 2684 tamquam
1016 2620 1301 2669 corollarium
1348 2626 1539 2685 addidit,
1589 2647 1708 2676 anuo
1746 2630 1886 2680 ’1498

63 2696 195 2759 (male
229 2701 508 2747 Muneloems
544 2702 726 2747 tradidit
757 2701 925 2759 14873
961 2720 1052 2765 quo
1088 2720 1207 2749 anno
1243 2707 1320 2768 qui
1343 2710 1567 2768 potuisset
1588 2711 1700 2756 Pius
1723 2712 1887 2761 librum

64 2783 302 2828 Trithemii
345 2783 529 2830 laudare
580 2803 618 2830 a.
656 2783 798 2830 1494
840 2781 1070 2844 editum?).
1138 2785 1302 2833 Statim
1348 2793 1585 2852 repetivit⁷
1631 2812 1750 2841 anno
1797 2816 1889 2844 non

65 2863 235 2923 addito,
270 2864 474 2911 Venetiis
509 2866 822 2913 Bernardinus
857 2868 1062 2912 Venetus
1112 2866 1166 2913 (le
1209 2869 1464 2931 vitalibus,
1510 2876 1634 2921 euius
1682 2877 1890 2924 editionis

64 2945 393 3009 bibliographis
430 2948 595 3008 ignota„³
632 2947 864 3009 exemplar
898 2955 1048 2994 servat
1072 2947 1343 2997 bibliotheca
1369 2953 1629 3000 Bernensis.
1675 2958 1891 3005 Eiusdem
