2174 3267
233 105 322 143 25ss

231 212 306 249 lius
330 210 395 248 lib.
417 224 450 246 1:
481 214 518 246 et
543 209 717 245 mercede
745 213 864 244 meret
893 207 1110 257 ²·eli91'ones.

231 281 359 318 Varro
389 277 598 328 Agathone
623 276 855 314 Duloreste:
886 278 955 330 qui
976 278 1113 313 merita

228 350 414 386 hominem
442 353 478 384 et
502 360 653 383 servum
676 345 796 397 facit,-
825 346 931 382 unde
956 350 994 382 et
1012 360 1112 383 mer-

229 418 374 456 cenarii
423 422 461 453 et
502 415 730 453 meretrices
766 414 962 452 dicuntur.
1000 415 1113 452 Idem

234 495 277 525 10
307 486 608 524 Eumenidibus:
637 486 804 538 prinlum
827 486 918 528 iste,
946 486 1016 538 qui
1038 498 1113 521 me-

226 562 287 594 ret
313 556 509 594 sestertios
535 556 699 592 vicenos.

278 626 614 663 ΜΕΒῐρΑΜΕΝΤυΜ
647 629 720 669 est,
741 638 818 676 quo
840 623 1019 661 homines
1048 622 1111 659 vel

225 695 404 733 animalia
429 700 559 733 cetera
586 699 783 733 curantur.
813 693 1041 733 M.Tullius
1061 692 1111 729 de

225 765 377 803 Officiis
406 765 474 803 lib.
499 779 561 802 111:
603 766 639 801 si
665 766 752 818 quis
792 764 1111 800 medicamentum

222 837 387 890 cuipiam
424 835 578 872 dederit
614 835 668 870 ad
693 846 835 886 aquam
866 835 1107 870 intercutem.

222 906 553 944 Medicamentum
601 917 752 940 rursum
800 916 1013 948 venenum,
1068 906 1111 938 ut

222 975 374 1013 Graece
413 977 633 1012 fat-mocon:
682 973 742 1011 vel
787 973 981 1023 producta
1025 972 1108 1009 eius

220 1045 330 1083 verbi
358 1045 482 1096 prima
510 1043 680 1096 syllaba,
705 1043 812 1095 quod
837 1043 942 1093 apud
964 1041 1108 1078 Medos

219 1114 402 1152 beneficii
440 1115 517 1151 sint
545 1114 725 1165 plurimi,
759 1113 974 1149 secundum
998 1111 1107 1162 Virg.

220 1183 366 1235 Georg.
401 1184 469 1221 lib.
498 1199 545 1221 ll:
573 1183 712 1220 Media
740 1182 822 1233 fert
846 1182 970 1219 tristis
996 1194 1107 1218 sucos

219 1255 454 1308 tardumque
478 1266 654 1308 saporem
681 1252 822 1289 Felicis
847 1252 953 1288 mali.
985 1251 1039 1288 Et
1066 1252 1106 1288 in

221 1332 267 1361 20
288 1323 563 1375 sequentibus:
590 1322 729 1376 pocula
743 1322 777 1357 si
792 1321 950 1375 quando
966 1333 1106 1357 saevae

218 1394 388 1446 infecere
404 1405 594 1430 novercae
606 1392 932 1444 fflz'scueruutque
948 1389 1101 1427 herbas.

218 1463 361 1508 Varro,
388 1458 488 1515 περὶ
508 1457 659 1513 &guyon
686 1464 745 1497 ct:
784 1460 940 1513 quaerit
967 1459 1103 1496 ibidem

217 1533 264 1571 ab
298 1531 545 1575 Hannibale,
582 1544 652 1567 cur
680 1529 816 1566 biberit
848 1529 1102 1565 medicamen-

215 1602 323 1640 tum?
355 1603 448 1656 quia
468 1600 671 1644 Romanis,
697 1599 838 1651 inquit,
862 1612 921 1635 me
935 1598 1101 1636 Prusia-

216 1673 282 1711 des
310 1672 471 1710 tradere
498 1669 662 1707 volebat.

264 1742 462 1780 mermu
493 1744 573 1785 est,
603 1743 646 1775 ut
669 1738 840 1789 saepius,
867 1736 999 1774 breve.
1021 1736 1099 1774 Mi-

214 1817 349 1850 nutum
386 1815 445 1848 est
483 1810 694 1848 obscurum
732 1813 772 1844 et
812 1806 1100 1858 scrupulosum,

213 1888 256 1920 ut
282 1897 301 1919 a
329 1880 492 1919 Graecis
523 1880 667 1917 dicitur
689 1872 1001 1928 λεπτομέριμοι.
1032 1876 1098 1914 Ci-

214 1966 304 1991 ccro
335 1952 383 1989 de
419 1950 583 1988 Finibus
610 1949 803 1986 bonorum
840 1951 879 1983 et
908 1946 1096 1984 malorum

212 2023 280 2061 lib.
305 2036 338 2060 1:
369 2035 454 2059 ecce
488 2025 615 2057 autem
647 2018 741 2055 mali
773 2017 914 2053 minuti
952 2022 989 2053 et
1024 2030 1095 2053 an-

207 2093 328 2144 qusti,
354 2097 393 2128 et
416 2091 544 2127 omnia
568 2100 717 2140 semper
736 2087 1002 2137 desperantes,
1028 2092 1097 2123 atet

210 2161 396 2205 malivoli,
430 2159 574 2202 invidi,
609 2155 761 2207 difficile
802 2162 882 2200 est,
917 2154 1093 2207 lucificqi,

212 2240 258 2270 30
288 2230 480 2273 maledici,
511 2227 755 2265 monstruosi.

207 2340 320 2372 Bonn.
351 2337 466 2371 1822.
506 2339 588 2381 quia
620 2341 721 2367 meret
745 2335 907 2366 hominem
943 2333 1020 2375 ch.
1039 2332 1086 2364 I).

206 2396 265 2441 qui
288 2401 391 2427 meret
414 2395 520 2431 homo,
545 2406 579 2424 se
603 2404 736 2423 servum
758 2392 848 2434 facit
872 2390 951 2433 ch.
968 2390 1010 2421 I).
1030 2401 1085 2432 ap.

204 2453 312 2484 Men-c.
335 2451 367 2483 1.
405 2451 464 2495 qui
488 2450 621 2480 merita!
655 2448 748 2478 Immo
772 2459 806 2478 se
830 2445 988 2488 ejFaber.
1028 2445 1089 2488 qui

203 2510 357 2543 mert'tat,
392 2507 554 2538 hominem
585 2517 619 2534 se
649 2516 780 2534 servum
821 2502 932 2534 Catal.
971 2501 1085 2531 Bonn.

202 2565 318 2596 Verba
331 2562 529 2595 Duum-estis
544 2561 621 2593 Cat.
635 2562 746 2591 Bonn.
774 2560 883 2590 Varro
902 2556 1083 2588 Eume-nid.

204 2631 236 2656 ιο
261 2621 366 2651 idem.
408 2631 477 2650 cur.
510 2619 556 2649 cf.
583 2630 616 2660 p.
641 2616 707 2652 57,
724 2615 761 2647 4.
799 2612 937 2655 venefici
961 2612 1078 2644 Editt.

199 2688 235 2712 20
260 2677 360 2717 Virg.
379 2675 425 2706 cf.
445 2686 480 2716 p.
499 2672 593 2707 4¹0.
609 2672 671 2703 21.
697 2671 866 2712 ἓξαγωγῆςε
892 2669 1027 2714 quaerit
1043 2668 1079 2699 J.

200 2733 346 2763 Prusias
380 2731 474 2774 ng.
512 2728 701 2760 Prusiades
731 2739 780 2757 me
814 2727 962 2768 Popma.
995 2724 1080 2754 λεπ-

196 2792 391 2831 τομέριμνον
416 2787 510 2829 ng.
553 2785 617 2816 alii
640 2785 719 2814 min.
734 2807 739 2813 .
754 2807 760 2813 .
776 2788 855 2813 ‚ant
882 2782 992 2813 onmia
1018 2778 1081 2811 Or.

195 2857 231 2881 30
255 2845 434 2876 monslrosi
470 2842 532 2874 Or.
577 2840 776 2872 malevolum
817 2840 859 2870 A.
900 2837 1080 2869 iterius.

891 98 1097 136 NONIUS
1128 99 1460 137 MARCELLUS

1227 208 1451 246 RIAIAGNUM
1469 209 1661 260 significat
1674 207 1960 246 consuetudine
1977 221 2055 253 ma-

1174 277 1348 314 livolum.
1386 277 1604 328 Malignum
1620 307 1630 323 ,
1671 278 1889 315 obscurum.
1943 277 2055 327 virg.

1175 346 1274 383 Aen.
1301 346 1369 383 lil).
1389 360 1447 383 vi:
1475 348 1589 401 quale
1613 362 1686 400 per
1709 349 1897 385 incertam
1924 347 2057 384 lunam

1174 415 1241 451 sub
1252 416 1335 452 luce
1346 416 1514 468 maliqna
1536 417 1610 453 Est
1632 419 1706 454 iter
1722 417 1838 454 silvis.
1870 414 2055 468 (p.545.)

1176 483 1418 534 Malignum,
1439 486 1605 534 gracile,
1632 486 1757 523 minus
1784 488 1904 523 ferax.
1944 486 2056 537 Virg.

1177 552 1324 604 Georg.
1358 554 1426 591 lib.
1446 569 1493 590 11:
1529 553 1700 604 difficiles
1722 556 1891 606 primum
1923 562 2056 593 terrae

1175 622 1364 676 collesque
1390 623 1563 674 maligui.

1227 692 1382 730 Momm
1412 698 1471 730 est
1500 694 1640 730 facere.
1671 694 1778 745 Virga
1803 695 1902 732 Aen.
1930 694 1998 731 lib.
2023 707 2052 730 ιε

1174 761 1343 799 molirive
1365 775 1509 799 moram
1531 769 1567 800 et
1586 763 1768 800 veniendi
1789 776 1945 816 poscere
1963 776 2054 800 cau-

1173 844 1250 869 sas.
1304 831 1540 883 Idemquae:
1575 845 1636 868 res
1663 832 1765 868 dura
1791 838 1828 868 et
1853 833 1965 883 requi
1988 847 2054 869 no-

1173 901 1273 936 vitas
1292 913 1350 936 me
1367 900 1463 937 talia
1481 906 1620 950 coqunt
1647 900 1794 936 Moliri.
1824 900 1880 937 M.
1897 901 2055 938 Tullius

1173 969 1479 1020 Filippicarum:
1518 983 1629 1023 quem
1665 969 1761 1006 nihil
1789 969 1900 1006 aliud
1924 983 2055 1022 agere,

1173 1039 1269 1076 nihil
1295 1039 1442 1084 moliri,
1473 1041 1552 1076 nisi
1578 1040 1727 1076 deecem
1762 1040 1899 1076 civium
1938 1045 2056 1093 atque

1171 1110 1369 1145 interitum
1398 1110 1587 1153 civitates,
1622 1109 1762 1146 videre.
1789 1109 1902 1146 Idem
1934 1114 1974 1146 et
2009 1116 2052 1147 10

1171 1179 1219 1214 de
1233 1179 1448 1216 Senectute
1463 1194 1470 1214 :
1499 1180 1603 1215 iners
1625 1192 1700 1215 uon
1712 1181 1776 1222 sit,
1791 1193 1923 1215 verum
1940 1181 2054 1217 etiam

1169 1249 1222 1284 sit
1252 1261 1414 1301 operosa
1447 1253 1483 1284 et
1510 1261 1661 1301 semper
1695 1261 1814 1298 ayens
1841 1249 1994 1303 aliquid
2016 1255 2054 1286 et

1168 1318 1338 1354 moliens.
1371 1317 1524 1362 Moliri,
1546 1319 1734 1361 retinere,
1759 1319 1902 1354 morari
1925 1332 1968 1355 ac
1990 1333 2052 1356 re-

1168 1389 1339 1438 pigrarc.
1381 1386 1577 1423 Caecilius
1606 1387 1828 1437 Prognmo:
1866 1388 1924 1424 ita
1948 1388 2053 1441 quod

1166 1455 1318 1494 Letiale
1337 1470 1395 1492 me
1413 1456 1611 1502 mobilitat,
1631 1470 1757 1492 meror
1770 1457 2049 1495 moliturmetu.

1166 1526 1344 1564 Lucilius
1369 1525 1436 1563 lib.
1467 1540 1545 1562 vu:
1575 1526 1822 1570 nzutilamur,
1860 1528 2048 1572 molimur,

1166 1595 1429 1632 subducimur.
1472 1595 1630 1640 Moliri,
1666 1600 1874 1641 extruere3
1903 1597 2050 1634 dictum

1167 1679 1187 1701 a
1211 1664 1394 1701 molibus.
1434 1664 1538 1715 Virg.
1570 1665 1669 1701 Aen.
1696 1664 1764 1702 lib.
1786 1679 1818 1702 1:
1849 1666 2051 1720 molirique

1166 1747 1294 1771 arcem
1314 1739 1352 1771 et
1374 1733 1549 1771 manibus
1580 1733 1802 1771 subvolvere
1826 1747 1938 1772 saxa.
1970 1738 2048 1773 Ac-

1166 1803 1249 1840 cius
1280 1803 1499 1841 Filoetete:
1542 1803 1608 1840 ubi
1640 1804 1812 1856 horrifer
1849 1806 2053 1858 aequisoni

1162 1874 1310 1910 stridor
1334 1873 1486 1926 gelidas
1511 1874 1668 1911 molitur
1690 1876 1816 1911 nives.-
1845 1875 1950 1912 unde
1981 1875 2047 1913 de-

1162 1944 1293 1981 moliri
1312 1943 1461 1980 dictum
1484 1948 1544 1981 est
1568 1944 1786 1982 destruere.
1812 1945 1867 1982 M.
1881 1945 1977 1982 Tul·
1998 1954 2043 1985 ⁴20

1162 2014 1237 2051 lius
1259 2014 1307 2051 de
1330 2012 1482 2050 Officiis
1506 2013 1574 2050 lib.
1602 2029 1634 2050 1:
1660 2014 1762 2050 hauc
1787 2027 1897 2051 serus
1919 2015 2044 2052 demo-

1160 2083 1252 2120 litus
1271 2085 1524 2121 accessionem
1548 2084 1731 2120 adiunxit
1754 2084 1924 2121 aedibus.
1945 2084 2043 2122 Cae·

1161 2154 1240 2190 sius
1270 2153 1442 2190 Hemina
1475 2153 1524 2190 de
1558 2153 1799 2191 Censoribus
1824 2153 1890 2190 lib.
1920 2168 1970 2190 ιιι
2006 2160 2044 2191 et

1156 2225 1198 2260 in
1229 2236 1326 2260 area
1360 2223 1402 2259 in
1427 2221 1614 2275 Capitolio
1642 2223 1756 2275 siqua
1782 2236 1882 2277 quae
1909 2230 2037 2270 erant,

1154 2332 1259 2374 Vulg.
1285 2330 1396 2361 Idem.-
1422 2343 1473 2361 res
1493 2332 1536 2363 A.
1562 2331 1728 2376 idemque:
1754 2343 1806 2362 res
1830 2327 2038 2373 (pag.546.)

1153 2387 1279 2429 Vulgo.
1300 2400 1410 2418 necem
1434 2388 1497 2418 civ.
1521 2389 1567 2419 A.
1593 2388 1724 2418 caedem
1748 2387 1852 2430 Vulg.
1884 2389 2038 2420 civitatis

1151 2442 1280 2474 videret
1293 2443 1366 2474 Cic.
1380 2441 1546 2486 προγᾶμος
1559 2443 1722 2485 Spengel.
1735 2455 1895 2486 proqmno
1910 2445 1981 2475 def.
2004 2455 2036 2479 10

1152 2499 1303 2531 Graucrt
1327 2511 1361 2541 p.
1388 2499 1475 2530 115.
1503 2499 1623 2541 probJ.
1661 2501 1711 2530 ita
1737 2500 1838 2538 Quod
1861 2501 1963 2532 letale
1986 2513 2036 2531 me

1150 2567 1193 2586 m.
1220 2567 1345 2585 moeror·
1369 2555 1554 2597 chrauert
1577 2566 1610 2595 p.
1633 2554 1719 2587 11¹1.
1757 2557 1894 2587 laetitia
1922 2557 2033 2588 Palm.

1145 2610 1259 2642 Bothe
1285 2609 1320 2641 2.

1145 2666 1366 2696 subducimus
1391 2666 1556 2707 cj-lDusa.
1581 2667 1773 2698 seducimur
1802 2669 1908 2701 Busa.
1935 2670 2031 2701 moli-

1147 2723 1243 2765 rique
1268 2723 1311 2753 cf.
1330 2735 1364 2764 p.
1379 2721 1471 2758 420,
1491 2722 1552 2754 16.
1584 2722 1674 2759 285,
1695 2722 1755 2755 16.
1777 2723 1948 2766 filocteta:
1974 2726 2033 2757 ubi

1883 2781 2030 2824 horrifer·

1363 2612 1579 2653 niraqinamur
1615 2611 1709 2653 ng.
1745 2612 1788 2642 cf.
1822 2624 1856 2654 p.
1884 2611 1973 2648 159,
1995 2612 2032 2645 5.

1148 2778 1258 2809 horris
1294 2784 1403 2809 terras
1437 2780 1497 2822 qui
1531 2781 1605 2810 soni
1628 2780 1755 2811 stridor
1791 2781 1834 2813 B.

1148 2834 1302 2877 equisoni
1319 2834 1411 2875 ng.
1437 2835 1594 2878 aquiloni
1618 2836 1688 2877 ch.
1708 2849 1724 2868 c
1739 2836 1813 2869 Cic.
1840 2837 2028 2881 hort-iserae
