2174 3267
225 139 314 177 248

226 245 329 282 butio
362 244 483 280 animi
487 257 501 286 ,-
538 246 674 279 contra
717 239 919 276 delectatio
958 239 1108 291 protelo

227 316 282 352 ad
302 313 549 350 discendunt.
582 310 788 348 protelare
823 310 939 346 etiam
974 308 1106 345 exelu-

227 385 334 420 dere.
365 382 573 432 Turpilius
595 380 773 418 Lemnis:
795 384 957 432 propter
972 391 1107 431 pecca-

227 460 308 490 tum
316 451 566 506 pausillulum
579 449 845 501 indignissime
857 448 1002 485 Patria
1018 461 1108 498 pro-

228 523 387 560 telatum
432 534 514 558 esse
563 521 697 557 sevitia
738 519 881 570 patris.
942 517 1109 553 Sisenna

228 593 334 630 Hist.
373 591 437 628 lib.
463 604 545 627 1111:
575 589 677 626 duae
706 588 879 625 cohortes
904 587 953 623 de
989 586 1110 623 subsi-

231 662 294 699 dio
325 660 543 714 procedunt
569 665 687 713 atque
723 659 868 711 equites
895 656 1108 709 protelant.

282 732 477 769 Pnonene
495 730 688 780 significat
703 729 871 765 deferre.
884 727 997 777 Virg.
1011 726 1110 762 Aen.

233 810 279 840 20
315 802 380 838 lib.
401 815 449 837 11:
475 800 644 851 prodere
665 812 754 835 voce
775 810 847 833 sua
865 808 1113 850 quemquam,

229 878 298 909 aut
315 884 505 924 opponere
527 871 653 906 morti.
686 868 863 905 Prodere
885 879 1020 903 rursus
1040 864 1113 901 dif-

231 944 332 979 ferre
364 941 427 978 vel
464 939 688 976 excludere.
724 938 836 988 Virg.
858 937 956 975 Aen.
988 936 1054 973 lib.
1076 949 1112 972 1:

231 1025 300 1048 nos
325 1017 394 1048 tua
413 1010 638 1061 progenies,
673 1006 772 1044 caeli
807 1005 943 1060 quibus
974 1006 1114 1042 annuis

228 1094 370 1124 arcem,
382 1078 558 1116 Navibus
567 1077 773 1129 infandum
782 1076 796 1112 !
813 1076 980 1119 amissis,
1000 1076 1115 1111 mlius

230 1151 274 1188 ob
297 1153 397 1188 iram
411 1149 624 1186 Prodimur
645 1153 762 1201 atque
773 1145 885 1183 Italis
908 1146 1020 1197 louqe
1036 1144 1114 1181 dis-

231 1221 430 1273 iunqimur
449 1219 540 1255 oriS.
556 1217 733 1255 Lucilius
750 1217 979 1267 satyrarum
995 1214 1061 1251 lib.
1072 1227 1114 1251 v:

229 1292 403 1342 possisne
436 1289 555 1332 elabi,
605 1300 658 1324 an
688 1286 893 1339 prodenda
929 1284 1013 1321 dies
1050 1284 1112 1319 sit.

233 1361 450 1400 Terentius
467 1360 505 1396 in
520 1357 670 1395 Andria
685 1370 692 1391 :
723 1361 791 1392 aut
811 1354 970 1409 aliquod
981 1354 1116 1390 saltem

232 1432 364 1483 nuptis
381 1429 547 1483 prodeat
567 1428 664 1464 dies.
694 1425 876 1463 Prodere
893 1425 1010 1461 etiam
1028 1436 1116 1474 pro-

235 1500 398 1538 tendere
425 1499 486 1536 vel
511 1498 642 1535 edere.
679 1496 792 1545 Virg.
818 1495 916 1532 Aen.
947 1494 1015 1531 lih.
1040 1508 1116 1530 1111:

235 1570 393 1609 Italiam
417 1573 590 1620 regeret,
621 1578 748 1616 ¹qenus
775 1565 854 1600 alto
877 1577 903 1600 a
928 1566 1119 1614 sanquine

241 1640 382 1678 Teucri
397 1638 604 1675 Proderet.
636 1636 694 1672 M.
712 1635 872 1672 Tullius
890 1634 938 1671 de
956 1632 1118 1683 Suppli-

240 1718 285 1748 30
310 1710 381 1747 ciis
408 1710 447 1745 in
475 1708 661 1745 Verrem:
691 1707 750 1742 ius
774 1705 952 1757 &uaginis
972 1703 1028 1740 ad
1045 1716 1120 1739 me-

235 1779 396 1817 moriam
414 1779 756 1832 posteritatemque
776 1773 1031 1824 prodendam.
1070 1772 1120 1810 Et

239 1851 288 1888 de
320 1850 555 1887 Senectute:
586 1860 664 1883 non
690 1845 866 1899 accipere
896 1844 1004 1880 modo
1028 1843 1123 1879 haec

239 1935 264 1957 a
290 1918 501 1957 nlaioribus
519 1916 740 1959 voluerunt,
762 1914 832 1952 sed
854 1915 970 1951 etiam
997 1918 1122 1965 poste-

241 1992 294 2028 ris
320 1990 503 2042 prodere.

241 2058 298 2112 (p.
311 2057 430 2105 564.)

242 2132 401 2168 crimen.
431 2128 655 2178 Virg.Aen.
678 2126 819 2162 lih.111:
850 2124 1126 2175 obscenamque

497 2060 739 2096 aneumm
775 2060 834 2091 est
867 2053 1004 2090 salutis
1046 2053 1123 2089 dis-

239 2200 382 2252 famem
391 2214 404 2242 ,-
428 2210 528 2251 quae
541 2198 668 2250 prima
682 2194 857 2248 pericula
873 2194 950 2230 vito
961 2192 979 2229 ἱ)
1009 2193 1125 2230 Luci-

243 2271 319 2308 lius
341 2270 409 2306 lib.
431 2281 590 2305 xxvnn:
621 2266 723 2303 adde
757 2266 852 2301 alios
884 2276 1011 2301 omnes
1048 2276 1128 2299 meo

241 2339 412 2394 periculo
433 2352 479 2375 ex
503 2337 652 2374 ordine.
694 2335 939 2379 Periculum,
973 2333 1127 2385 experi-

246 2489 395 2530 Popma.
431 2483 588 2526 formido,
614 2484 739 2513 nimius
763 2481 858 2512 Scal.
889 2481 1021 2523 protelo
1044 2480 1066 2510 i.
1093 2490 1124 2510 e.

245 2545 445 2575 adiumento
472 2540 546 2572 Gif.
571 2553 603 2582 p.
624 2538 714 2570 588.
738 2550 800 2581 pro
825 2538 890 2568 telo
915 2536 1054 2578 chalm.
1082 2535 1126 2566 ad

246 2601 357 2631 Solin.
382 2611 416 2641 p.
433 2596 549 2630 1519.
573 2597 739 2639 protelum
765 2594 859 2626 Scal.
887 2605 966 2635 app.
989 2591 1078 2634 conj.
1093 2603 1125 2633 p.

250 2655 340 2688 ¹22.
364 2654 561 2699 pauxillum
574 2651 746 2694 ejMunelz.
770 2652 813 2681 ad
828 2650 928 2691 Fulg.
947 2661 978 2691 p.
993 2646 1080 2679 ¹59.
1093 2646 1126 2678 J.

248 2711 415 2744 Gothofr.
432 2714 592 2754 paratum
606 2708 805 2750 paurilimn
823 2718 883 2737 ms.
898 2705 976 2736 Pal.
999 2717 1054 2748 pr.
1066 2715 1124 2746 pu—

249 2766 623 2810 tratumpauxillulum
636 2763 784 2806 chebh.
804 2775 836 2806 p.
851 2762 915 2794 52.
938 2762 1124 2805 possitne..

250 2836 285 2859 20
309 2837 354 2855 au
375 2833 476 2867 porro
511 2819 686 2864 prodenda
711 2819 748 2850 d.
773 2830 799 2849 s.
833 2818 927 2848 Dusa
949 2828 966 2847 e
993 2817 1131 2847 Donato

249 2890 284 2915 30
308 2880 352 2912 ad
379 2879 491 2911 Andr.
518 2876 554 2911 2.
580 2875 615 2907 2.
642 2877 696 2906 ius
720 2876 824 2917 imag.
851 2874 893 2905 cf.
910 2885 943 2916 p.
959 2868 1132 2905 54{.24.

875 133 1082 171 NONIUS
1111 134 1445 172 MARCELLUS

1171 245 1354 276 mentum.
1384 240 1549 291 Sisenna
1580 241 1842 277 Historiarum
1878 238 1944 275 lib.
1970 251 2049 275 nu:

1169 309 1444 358 periclitantur
1463 315 1653 347 tormenta
1679 324 1724 347 ac
1750 311 1828 347 tela
1854 309 2051 362 multaque

1170 390 1317 429 genera
1334 379 1740 417 machinamentorum.
1759 380 1814 416 Μ.
1830 378 1988 417 Tullius
2002 378 2051 414 de

1175 447 1237 486 Re
1267 448 1423 498 publica
1451 449 1516 485 lib.
1537 463 1601 485 111:
1629 450 1700 486 sed
1723 456 1765 486 ut
1790 450 1866 502 ipsi
1885 462 1951 484 seu
1969 448 2053 484 tini-

1176 531 1277 553 mum
1299 518 1571 568 periclitentur
1595 531 1677 555 sum
1703 519 1852 561 vident,
1885 518 1981 572 quid
2013 530 2055 552 se

1173 592 1312 639 putent
1346 600 1426 623 esse
1462 587 1651 637 facturos.
1695 588 1910 625 Terentius
1944 589 1981 623 in
2011 596 2052 624 10

1177 656 1388 693 Eunucho:
1418 655 1482 703 fac
1509 657 1722 708 periculum
1749 658 1789 693 in
1813 658 1965 694 litteris.
1999 656 2054 692 M.

1178 727 1336 763 Tullius
1365 726 1413 763 de
1427 727 1602 763 Deorum
1629 732 1763 764 nutura
1791 727 1858 765 lib.
1879 740 1928 763 u:
1958 727 2057 762 sicut

1179 810 1225 833 ex
1245 796 1475 850 quibusdam
1502 796 1686 848 stirpibus
1721 801 1758 832 et
1787 795 1936 838 herbis,
1964 808 2056 848 quo-

1181 879 1265 901 rum
1292 865 1471 902 utilitatis
1496 865 1699 919 lon-qinqui
1719 866 1899 917 temporis·
1925 878 1996 900 usu
2023 870 2059 900 et

1177 935 1460 988 periclitatione
1488 936 1741 987 percepimus.
1783 934 1960 971 Lucilius
1995 933 2060 970 lib.

1182 1018 1345 1041 xxvuue
1378 1006 1486 1041 cuius
1514 1005 1549 1040 si
1573 1006 1614 1040 in
1635 1003 1807 1056 periculo
1831 1002 1971 1054 feceris
1994 1016 2060 1055 pe-

1181 1075 1356 1111 riculum.
1391 1074 1552 1111 Plautus
1576 1075 1614 1110 in
1642 1074 1902 1126 Amfitryone:
1930 1086 2063 1110 verum

1177 1144 1423 1196 periclitatus
1455 1157 1540 1180 sum
1572 1146 1739 1181 animum
1776 1149 1896 1180 tuum.
1930 1142 2060 1181 Sallu-

1183 1215 1278 1251 stius
1303 1215 1340 1250 in
1358 1214 1553 1251 Catilinae
1569 1213 1698 1251 bello:
1729 1219 1822 1250 tunc
1847 1226 1936 1248 vero
1960 1212 2062 1263 peri·

1183 1284 1264 1321 culo
1291 1290 1408 1338 atque
1436 1285 1597 1334 neqotiis
1625 1289 1856 1336 compertum
1886 1287 1955 1319 est.
1991 1281 2062 1317 l'e-

1182 1354 1416 1398 riculosum,
1446 1353 1567 1390 maius
1591 1358 1632 1390 et
1648 1352 1868 1390 vehemens.
1896 1351 1951 1389 M.
1963 1350 2063 1388 Tul-

1183 1424 1257 1460 lius
1279 1423 1328 1460 de
1357 1423 1508 1461 Officiis
1528 1423 1595 1460 lib.
1614 1437 1646 1459 1:
1673 1421 1917 1473 gyravioribus
1937 1426 2065 1458 autem

1187 1493 1326 1530 morbis
1350 1494 1522 1546 periculo
1541 1494 1759 1529 curationes
1780 1497 1817 1529 et
1841 1491 1987 1543 ancipi—
2017 1498 2062 1528 20

1184 1565 1233 1600 tis
1261 1563 1420 1613 adigere
1450 1568 1652 1615 coquntur.

1240 1632 1426 1668 Pnssssnxu
1440 1661 1450 1675 ,
1471 1631 1626 1668 subtile.
1656 1631 1712 1668 Μ.
1729 1630 1889 1667 Tullius
1909 1629 1949 1666 in
1962 1629 2067 1666 Hor-

1186 1702 1341 1739 tensio:
1370 1701 1454 1755 quis
1480 1707 1517 1737 te
1541 1706 1668 1736 autem
1699 1706 1754 1736 est
1782 1704 1852 1735 aut
1884 1698 1960 1750 suit
1986 1713 2066 1734 um-

1189 1785 1305 1826 quam
1341 1772 1381 1807 in
1410 1771 1636 1823 partiundis
1666 1768 1794 1813 rebus,
1819 1770 1858 1805 in
1881 1767 2068 1817 definien-

1188 1843 1271 1885 dis,
1304 1843 1344 1878 in
1374 1840 1612 1893 explicandis
1638 1839 1841 1892 pressior?
1871 1838 2069 1882 Pressum,

1191 1916 1387 1955 onustum,
1409 1915 1621 1961 gravatum.
1651 1909 1763 1958 Vix-g.
1787 1908 1935 1960 Georg.
1956 1908 2024 1945 lib.
2040 1923 2066 1944 ιι

1190 1995 1256 2019 ceu
1269 1993 1428 2033 pressae
1444 1994 1527 2016 cum
1539 1981 1615 2016 iam
1631 1985 1785 2031 portum
1796 1980 1954 2029 tetiqere
1970 1978 2069 2014 cari-

1193 2065 1283 2096 nae,
1299 2050 1512 2103 Puppibus.
1532 2049 1730 2093 premere,
1744 2048 1944 2086 defodere.
1961 2046 1994 2082 V
1998 2047 2067 2096 irg.

1190 2121 1258 2158 lib.
1281 2135 1327 2157 x:
1357 2120 1605 2173 sulcumquae
1630 2120 1703 2155 sivi
1721 2123 1873 2170 premat
1897 2118 1980 2168 ipsa
2007 2129 2069 2152 ca-

1192 2192 1294 2228 rina.
1326 2191 1530 2234 Premere,
1546 2189 1741 2226 claudere.
1758 2187 1866 2237 Virg.
1885 2185 1951 2222 lib.
1964 2199 2067 2221 vnn:

1190 2262 1362 2314 pressive
1373 2260 1511 2303 oculos,
1528 2264 1597 2295 (cut
1610 2258 1773 2295 vulnera
1781 2256 1872 2300 lavi,
1890 2255 2004 2292 Veste
2023 2263 2067 2292 30

1193 2338 1338 2383 tegens.
1370 2331 1574 2373 Premere,
1596 2327 1760 2379 insequi,
1781 2327 1927 2377 fugare.
1957 2326 2069 2376 virg.

1192 2488 1276 2521 quac
1299 2477 1411 2519 prima
1442 2476 1502 2505 cfr.
1531 2487 1562 2516 p.
1589 2472 1681 2507 557,
1708 2470 1744 2502 4.
1779 2483 1832 2513 pc·
1858 2477 1950 2512 lpag.
1964 2466 2070 2503 564.)

1191 2533 1391 2563 rictonusa.
1409 2533 1476 2572 ipsi
1491 2543 1585 2561 suum
1600 2529 1739 2571 cjstlerc.
1754 2528 1997 2570 periclitantur
2013 2537 2070 2557 seu

1192 2589 1306 2620 vident
1322 2589 1404 2620 Mai.
1415 2589 1476 2619 Or.
1494 2594 1561 2618 tum
1576 2585 1712 2616 videant
1726 2584 1866 2627 charc.
1892 2583 2019 2614 litteris
2040 2592 2072 2617 ιο

1194 2645 1237 2675 cl'.
1251 2656 1281 2687 p.
1294 2643 1385 2681 219,
1396 2644 1418 2675 2
1430 2644 1443 2674 Ι
1453 2667 1460 2673 .
1474 2644 1645 2673 utilitates
1656 2641 1763 2672 Orell.
1784 2646 1853 2671 tum
1862 2640 1991 2670 demum
2001 2650 2072 2681 per.

1195 2700 1264 2731 Sal.
1290 2700 1386 2730 adire
1400 2700 1438 2730 B.
1449 2698 1492 2730 G.
1513 2699 1725 2742 periculosus
1742 2722 1747 2727 .
1763 2696 1936 2727 adhibere
1952 2695 2026 2727 Cic.
2037 2706 2073 2729 20

1195 2755 1265 2788 Off·
1286 2756 1319 2791 1,
1330 2754 1392 2786 24.
1411 2761 1441 2785 te
1455 2760 1513 2784 aut
1528 2759 1576 2783 est
1593 2752 1745 2794 chlotz.
1761 2753 1803 2783 ad
1813 2752 1884 2783 Cic.
1898 2751 2012 2783 Oratt.
2025 2751 2072 2782 11.

1197 2810 1325 2855 1³85&
1339 2816 1399 2842 aut
1412 2816 1461 2841 est
1473 2811 1590 2851 fragm.
1600 2809 1660 2839 Or.
1674 2808 1903 2851 explanandis
1916 2805 2070 2839 A.Goth.

1197 2868 1233 2899 J.
1270 2867 1391 2907 fragm.
1435 2878 1498 2909 que
1530 2866 1595 2895 sibi
1625 2864 1731 2907 Vulg.
1766 2864 1830 2895 cfr.
1858 2876 1890 2906 p.
1916 2861 2011 2896 455.
2037 2860 2071 2892 5.
