2174 3267
246 139 337 178 240

246 248 336 284 dam
348 247 466 300 quasi
476 260 621 284 veneno
631 245 823 299 perficiat,
841 253 884 284 ut
904 259 1011 284 veros
1022 248 1130 284 here-

244 318 313 354 des
326 321 487 360 moveat,
500 317 540 352 in
556 329 684 353 eorum
698 316 820 353 locum
836 316 916 369 ipse
929 318 1129 354 succedat?

298 386 510 423 ΜΕΒῙΤΑΜ
561 391 620 423 est
675 387 827 424 discere
843 415 853 431 ‚
908 386 1128 437 perdoceri.

246 455 412 493 Plautus
440 455 705 508 Amfitryone:
731 457 843 506 prius
868 456 950 509 ipse
983 469 1127 493 mecum

246 525 360 561 etiam
381 525 464 561 volo
489 525 549 561 hic
578 525 761 562 meditari
767 539 782 569 ,·
811 525 847 562 si
869 524 938 561 hoc
959 539 1029 572 pro
1057 525 1127 562 hoc

240 594 467 648 proloquar.
516 594 721 640 Meditari,
760 596 997 644 excogitare.
1045 595 1125 631 Te-

242 664 392 702 rentius
418 667 457 701 in
482 664 658 701 Andria:
686 665 791 702 venit
816 665 1025 702 meditatus
1052 663 1122 701 ali-

243 734 368 772 cunde
397 747 444 771 ex
469 734 547 771 solo
573 734 666 771 loco.

372 859 529 887 melers
564 860 640 886 ren
675 841 731 886 N.
767 856 994 884 LITTERAM.

243 952 289 982 20
359 943 516 982 Nonum
547 945 596 982 ad
619 944 851 994 dignitatem
876 944 1031 994 generis
1060 958 1121 982 re-

238 1013 374 1051 fertur.
403 1014 639 1051 Sallustius:
668 1014 843 1051 Lucilius
865 1012 1037 1050 Catilina
1055 1027 1121 1050 no-

238 1083 306 1120 bili
330 1096 473 1134 ¹qenere
509 1089 627 1120 natus
658 1082 749 1135 fuit.
792 1081 947 1119 Nobilis
978 1083 1122 1120 dicitur

237 1158 280 1190 et
305 1158 432 1190 notus.
474 1153 530 1190 M.
546 1153 705 1190 Tullius
728 1153 777 1190 de
799 1152 951 1190 Officiis
980 1151 1048 1189 lib.
1068 1165 1120 1189 11:

235 1224 344 1260 testis
368 1229 424 1260 est
454 1222 636 1266 Falaris,
666 1223 775 1260 cuius
793 1228 849 1259 est
875 1227 1037 1274 praeter
1062 1235 1121 1258 ce-

237 1298 339 1330 teros
373 1292 551 1330 nobilitas
590 1305 635 1329 ac
670 1293 898 1330 crudelitas.
944 1291 1119 1329 Lucilius

236 1363 468 1414 Satyrorum
492 1362 560 1399 lib.
585 1375 662 1399 vn:
706 1362 839 1412 Fryne
873 1361 1005 1398 nobilis
1038 1361 1120 1403 illa,

236 1432 304 1469 ubi
332 1437 542 1468 amatorem
578 1431 783 1483 improbius
817 1444 942 1484 quem.
989 1431 1118 1468 Varro

235 1498 334 1553 περὶ
353 1496 526 1554 ἱρέσωνε
560 1506 641 1537 tum
657 1501 896 1537 contremula
917 1500 1119 1553 aquilenta

234 1572 343 1624 apud
362 1572 443 1608 alta
462 1571 579 1608 litora
606 1571 737 1614 oriris,
759 1583 806 1608 ac
833 1570 976 1607 mobilis
999 1571 1118 1607 omni-

233 1641 302 1678 bus
321 1641 510 1677 relucens.
533 1640 679 1677 Accius
695 1639 909 1677 Diomede:
930 1653 988 1676 me
1003 1652 1119 1691 agros

231 1710 403 1763 referam
432 1706 543 1756 (nam
575 1710 636 1747 hic
668 1722 779 1747 suam
806 1706 958 1755 nobilis)
990 1723 1038 1746 ne
1058 1709 1121 1747 cui

235 1788 282 1818 30
305 1793 516 1832 cognoscar
536 1785 638 1816 noto.
670 1780 884 1817 Terentius
902 1780 1118 1817 Heautont.

233 1863 318 1887 'nea
350 1856 406 1887 est
431 1855 592 1902 potens,
622 1848 851 1902 magnifica,
882 1855 1117 1902 sumptuosa,

229 1920 380 1957 nobilis.
425 1920 534 1971 Virg.
560 1919 628 1957 lib.
651 1934 727 1956 vn:
765 1925 822 1956 est
845 1919 949 1956 locus
976 1919 1118 1956 Italiae

230 1990 354 2027 medio
375 1990 443 2027 sub
458 1989 647 2027 montibus
665 1991 755 2027 altis
774 1989 934 2027 Nobilis.
951 1989 1116 2027 M.Tul-

230 2056 286 2111 (p.
299 2056 419 2105 552.)
446 2061 522 2097 lius
549 2061 587 2096 in
606 2060 772 2097 Verrem
795 2060 951 2096 acti0ue
977 2074 1023 2096 11:
1055 2073 1117 2112 op-

227 2130 363 2183 pidum
397 2135 453 2166 est
493 2130 535 2165 in
570 2129 822 2181 Hellesponto
865 2129 1112 2167 Lamsacum.

230 2199 283 2237 Id
311 2201 447 2252 primis
479 2198 603 2235 Asiae
632 2200 857 2251 provinciae
891 2201 1040 2237 clarum
1079 2206 1116 2238 et

230 2310 353 2339 caeteri
378 2309 559 2338 sismniuis
584 2320 614 2339 v.
633 2320 661 2339 c.
680 2309 807 2339 Dusae.
829 2315 924 2340 satra
940 2309 980 2341 L.
994 2310 1059 2341 W.
1075 2321 1113 2340 ex

230 2376 317 2396 corr.
335 2366 418 2395 vitio
435 2364 559 2406 chral.
574 2365 702 2396 doctior
717 2378 817 2409 quam
832 2367 933 2397 ceteri
946 2363 999 2406 fis,
1016 2366 1113 2396 amit-

229 2427 295 2458 tas,
320 2427 425 2451 nantes
449 2422 564 2464 aliquo
590 2427 695 2452 tecum
719 2428 814 2452 satra
837 2422 935 2462 facta
960 2423 1046 2452 vitia
1081 2421 1111 2464 cj

230 2476 390 2509 Gerlach.
422 2477 516 2519 publ.
550 2477 595 2507 ef.
624 2490 657 2519 p.
676 2476 739 2515 58,
765 2476 804 2510 4.
844 2490 902 2521 eqo
929 2479 1003 2509 volo
1030 2478 1112 2520 chr

232 2543 264 2568 ιο
291 2534 395 2564 Dusa.
417 2525 451 2564 rt
468 2534 501 2564 in
528 2533 587 2564 ltoc
610 2535 751 2566 Bentin.
778 2540 813 2565 at
827 2536 887 2577 qui
911 2536 953 2565 cf.
971 2534 1110 2577 p.405.

228 2601 274 2624 20·
294 2589 354 2621 16.
370 2595 518 2620 atnatore
526 2590 666 2632 improbi
678 2602 818 2634 usquam
830 2591 871 2621 B.
892 2592 966 2633 περὶ
984 2592 1111 2621 πεσσῶν

230 2646 371 2688 churn.
404 2659 458 2688 ap.
492 2646 536 2676 Ni.
566 2646 600 2677 1.
641 2658 713 2676 eum
745 2648 889 2678 tremula
923 2648 1110 2690 aquulenta

230 2702 360 2746 chuil.
387 2702 422 2739 5,
447 2700 506 2732 18.
544 2702 647 2733 litora
679 2704 978 2734 oriris...reluees
1002 2703 1108 2734 Turn.

230 2757 302 2793 29,
333 2757 395 2789 28.
432 2758 550 2789 Davis.
585 2759 627 2789 ad
662 2758 740 2790 Cic.
768 2760 810 2790 de
835 2760 878 2790 D.
903 2760 945 2792 N.
972 2758 1016 2795 2,
1050 2757 1110 2790 19.

228 2815 372 2857 Pop-ma.
409 2816 504 2857 Arslo
531 2815 596 2857 ref.
624 2815 662 2845 B.
694 2815 764 2858 Esl⁰
790 2828 838 2846 me
871 2817 1001 2859 Arqos.
1019 2814 1113 2846 ..hir

227 2871 303 2902 elno
327 2872 393 2902 iam
416 2872 565 2915 qnobilis
591 2870 718 2913 chuil.
740 2871 768 2905 l.
784 2871 848 2904 21.
876 2885 947 2903 sum
967 2871 1109 2912 ejMerc.

891 138 1097 178 NONIUS
1125 141 1458 181 MARCELLUS

1193 250 1328 287 nobile.
1373 251 1548 289 Lucilius
1582 252 1648 291 lih.
1676 266 1840 290 xxvuu:
1869 259 1948 290 tum
1975 253 2072 291 illud

1192 319 1350 370 epifoni,
1368 321 1473 373 quod
1492 310 1612 358 etiam¹
1624 328 1703 359 tum
1720 322 1843 359 nobile
1861 328 1931 359 est.
1954 322 2069 361 Unde

1194 393 1233 425 et
1259 389 1528 436 nobilitarent‚
1553 392 1802 430 notificarent
1831 393 1976 429 dietum
1998 396 2069 429 est.

1192 457 1366 494 Titinius
1383 459 1528 496 Prilia:
1555 463 1780 514 maqisquae
1788 461 1893 514 fame
1909 461 2070 499 obiecta-

1190 533 1296 570 rent,
1341 541 1389 564 ne
1430 542 1513 565 eam
1551 530 1762 580 malefactis
1803 531 2066 569 nobilitarent.

1188 596 1332 634 Accius
1355 598 1540 649 Telepho
1552 614 1559 621 ·
1589 613 1642 636 na
1659 600 1718 637 his
1731 602 1879 638 demum
1896 603 2070 645 miserem

1188 668 1295 703 cuius
1317 667 1494 705 nobilitas
1520 670 1695 707 miserias
1709 670 1913 708 Nobilitat.
1945 670 2070 708 Pacu-

1189 736 1270 773 vius
1283 736 1518 775 Duloreste:
1538 738 1586 775 he
1596 739 1728 776 liecine
1741 741 1773 776 is
1787 746 1857 782 est,
1879 753 1990 793 quem
2021 748 2063 778 10

1183 805 1287 856 same
1298 809 1432 859 qratia
1451 813 1541 844 ante
1555 809 1675 845 omnis
1691 808 1868 845 nobilitat
1879 809 2007 845 viros?

1240 875 1466 921 Nummum,
1504 877 1693 914 ordinem.
1739 878 1795 914 Μ.
1827 877 1984 914 Tullius
2020 879 2069 915 de

1186 945 1361 982 Deorum
1386 951 1524 983 natura
1548 946 1617 984 lib.
1635 960 1682 983 11:
1723 944 1841 992 (nihil
1870 952 1927 984 est
1957 947 2070 992 enim,

1189 1020 1230 1051 ut
1253 1016 1466 1051 orationem
1492 1029 1650 1052 numero
1673 1017 1818 1053 moveri
1839 1017 1961 1070 possit
1987 1018 2070 1055 sine

1186 1079 1360 1131 consilio)
1406 1086 1448 1121 in
1480 1099 1555 1139 quo
1587 1086 1685 1122 nihil
1718 1092 1775 1123 est
1805 1089 2068 1125 temerarium.

1186 1154 1298 1205 Vix-g.
1318 1155 1418 1192 Aen.
1442 1155 1510 1192 lib.
1532 1169 1598 1192 111:
1627 1156 1770 1208 digerit
1790 1157 1831 1193 in
1850 1170 2065 1194 numerum.

1185 1223 1358 1262 Numero
1387 1224 1631 1275 significatio.
1671 1225 1815 1262 Accius
1842 1225 2066 1263 Oenomao:

1185 1306 1343 1330 numero
1366 1299 1403 1330 te
1429 1296 1669 1347 expurgasti.
1711 1295 1821 1332 Idem
1846 1295 2066 1345 Antigona:

1184 1376 1233 1399 ne
1249 1363 1363 1400 istum
1383 1377 1605 1400 enumerum
1618 1365 1774 1400 amittas
1789 1363 1953 1401 subitum
1965 1363 2067 1401 obla-

1184 1438 1277 1469 tum.
1334 1433 1541 1483 Turpilius
1578 1433 1805 1471 Demetrio:
1856 1447 2067 1488 numquam

1183 1502 1296 1539 nimis
1321 1516 1478 1539 numero
1500 1516 1732 1558 quemquam
1749 1504 1832 1540 vidi
1844 1503 1991 1555 facere,
2018 1512 2063 1542 20

1185 1585 1300 1625 quam
1318 1571 1402 1619 fato
1426 1577 1482 1607 est
1505 1584 1613 1624 opuS.
1654 1572 1765 1609 Idem
1787 1571 1961 1624 Lyndia:
1998 1586 2066 1624 eqo

1182 1642 1336 1678 interim
1362 1642 1402 1677 in
1423 1641 1539 1678 turba
1557 1641 1667 1691 foras
1688 1640 1866 1678 Subduxi
1885 1656 1969 1679 cum
1992 1643 2067 1681 hac

1183 1725 1255 1755 me,
1278 1724 1421 1764 neques
1444 1711 1500 1747 ad
1518 1724 1676 1747 numero
1697 1711 1792 1748 mihi
1805 1712 1966 1749 videbar
1978 1726 2066 1750 cur-

1183 1794 1284 1818 rere.
1317 1781 1445 1818 Varro
1474 1776 1572 1832 περὶ
1598 1776 1826 1833 ἐξαγωγῆςε
1856 1782 1953 1835 quid
1965 1795 2067 1833 puer

1183 1857 1378 1903 rogasset,
1410 1856 1446 1888 et
1464 1856 1686 1903 petassatus
1717 1851 1841 1898 capite
1865 1853 2067 1889 annuisset

1182 1934 1228 1958 ac
1251 1921 1452 1958 discedens
1477 1934 1635 1957 numero
1659 1922 1792 1958 venire
1832 1921 1890 1958 ait
1931 1921 2064 1958 adule-

1181 1996 1361 2027 scentem.
1392 1990 1578 2028 Afranius
1596 1992 1802 2043 privigno:
1832 2005 1989 2028 numero
2004 1992 2061 2027 in-

1181 2062 1263 2114 epti
1276 2062 1531 2113 pertimuistis
1564 2075 1715 2099 cassam
1741 2061 1962 2098 terriculam
1991 2060 2060 2096 ad-

1179 2131 1345 2168 versari.
1400 2131 1571 2169 Plautus
1604 2131 1866 2182 Amfitryone:
1904 2143 2061 2166 munero

1181 2201 1328 2238 mihim
1350 2207 1511 2239 mentem
1531 2200 1622 2253 ficit.
1653 2201 1783 2239 Varro
1800 2200 1899 2238 Cato
1924 2200 1985 2237 vel
2011 2200 2060 2236 de

1181 2322 1197 2341 e
1208 2311 1324 2341 Festo.
1347 2309 1443 2352 fuam
1457 2309 1582 2352 Steph.
1609 2309 1828 2350 Lampsacum
1844 2303 1936 2349 (pag.
1951 2303 2061 2339 552.)

1179 2366 1310 2396 iudices
1342 2366 1482 2408 inprim.
1517 2365 1640 2395 Klotz.
1689 2362 1782 2394 illud
1814 2368 1863 2392 est
1899 2363 1984 2405 epis.
2018 2363 2059 2393 B.

1177 2420 1329 2461 ἕπιφώνει
1343 2421 1531 2463 chrDusa.
1548 2421 1728 2451 etiamnum
1744 2418 1936 2460 chrDusa.
1960 2431 2058 2461 prae-

1175 2479 1226 2509 lia
1251 2478 1294 2509 G.
1317 2478 1450 2520 proelia
1475 2477 1514 2507 B.
1538 2476 1711 2519 rna-alisque
1736 2475 1776 2505 B.
1811 2474 1956 2517 telepho:
1983 2488 2060 2506 nam

1176 2536 1205 2566 is
1229 2534 1359 2564 demum
1385 2534 1485 2563 miser
1509 2538 1559 2563 est
1583 2531 1693 2562 Editt.
1730 2531 1841 2561 hicine
1866 2530 1910 2562 G.
1946 2531 2001 2562 hic
2028 2540 2060 2565 10

1178 2597 1212 2621 tu
1238 2592 1287 2620 eis
1312 2595 1360 2620 est
1386 2590 1426 2620 Β.
1465 2588 1553 2633 quod
1583 2588 1734 2618 oratione
1764 2593 1795 2617 ct
1819 2599 1955 2618 nurnero
1980 2586 2057 2619 Cic.

1176 2658 1307 2677 nurnmo
1333 2646 1398 2676 cito
1422 2645 1504 2676 Ace.
1530 2643 1705 2676 MsFahri.
1745 2656 1777 2673 n.
1810 2640 2060 2687 siqnificalione

1177 2703 1241 2733 cito
1252 2706 1427 2745 expuit-qai
1441 2701 1537 2731 timor
1548 2699 1618 2742 ch.
1633 2711 1649 2730 e
1659 2701 1774 2730 Festo.
1788 2701 1901 2729 istunc
1913 2699 2057 2742 cjlkotli.

1179 2768 1314 2787 numero
1327 2756 1561 2786 ann·u.E‹litt.
1583 2755 1678 2797 facto
1691 2755 1794 2797 Vulg.
1820 2756 1938 2797 nequis
1956 2755 2002 2786 ad
2022 2767 2058 2790 20

1177 2812 1210 2843 J.
1226 2824 1329 2855 neque
1343 2818 1395 2842 sat
1417 2812 1486 2855 ch.
1511 2819 1559 2842 aii
1577 2813 1687 2842 venire
1703 2813 1849 2853 Popma.
1867 2813 1992 2855 lneplis
2002 2814 2056 2845 Ms

1180 2868 1296 2899 Fabri.
1321 2869 1533 2910 pertinmisli
1554 2866 1644 2899 476.
1661 2867 1751 2899 485.
1765 2867 1858 2900 511.
1881 2867 2054 2899 MsFa1»1-i.
