2174 3267
224 103 314 142 204

220 211 409 261 proferre.
440 210 648 260 Virgilius:
677 216 769 248 tum·
797 217 906 248 satus
928 213 1105 251 Anchisa

216 286 342 317 cestus
373 285 491 332 pater
523 280 660 316 extulit
695 293 853 333 aequos.
887 281 938 317 Et
967 281 1035 318 lil).
1056 296 1103 319 ιιι

215 363 323 386 mene
352 348 490 399 efferre
513 349 665 399 pedem,
694 350 878 400 qenitor?
925 350 1105 388 Lucilius

215 418 282 455 lib.
300 431 416 454 xxm:
449 432 515 468 65J0
542 418 607 455 ubi
640 432 751 473 quem
785 433 832 456 ex
858 421 1105 472 praecordiis

214 486 341 540 ecfero
363 501 530 525 versum.
575 488 728 526 Ennius
753 489 922 526 Medea:
953 491 1105 527 utinam,

214 572 261 597 ne
293 573 478 613 umquam
512 559 632 597 JIede
662 560 789 597 cordis·
818 559 955 612 cupido
988 561 1105 598 corde

208 630 345 681 pedem
378 630 595 667 extulisses.
654 629 836 675 cherre‚
872 630 1100 668 ostendere.

215 709 260 738 20
280 700 392 751 Virg.
405 699 473 737 lib.
486 713 555 736 vul
569 714 577 735 :
595 705 638 736 ut
649 698 737 736 belli
745 701 829 751 siqu
835 714 897 736 um
907 699 1107 737 Laurenti

218 770 375 807 Turnus
387 770 435 807 ab
452 783 543 807 arce
554 768 721 806 Extulit.
737 770 919 813 cherre,
934 769 1103 821 erigere,

211 841 355 877 levare.
386 840 496 891 Virg.
510 839 577 876 lib.
592 853 634 875 v:
665 839 832 875 ostendit
847 839 1028 875 dextram
1044 840 1103 875 in-

210 923 373 962 surqens
402 908 586 947 Entellus
612 915 649 946 et
677 909 756 946 alte
783 907 954 945 Extulit.
985 907 1103 945 Luci-

211 980 286 1017 lius
316 979 385 1016 lib.
405 993 511 1016 xxx:
540 980 737 1022 continuo,
763 979 878 1015 simul
906 991 955 1015 ac
982 978 1103 1031 paulo

210 1050 469 1087 vehementius
490 1061 593 1086 aura
616 1048 789 1101 Inflarit,
813 1048 958 1102 fluctus
981 1050 1104 1085 erexit

210 1121 481 1174 extuleritque.
514 1131 774 1164 nxTOLLERE,
799 1118 969 1156 differre.
1000 1118 1099 1155 Gae-

212 1190 325 1227 cilius
344 1189 512 1227 Plocio:
542 1188 608 1226 abi
631 1190 756 1231 intro,
783 1194 903 1242 atque
931 1188 1104 1225 istaliaec

211 1259 369 1311 aufert,
415 1265 545 1296 tamen
584 1258 696 1295 hodie
734 1259 893 1294 extollat
928 1259 1101 1309 nuptias.

215 1338 260 1367 30
292 1343 494 1374 ECFERRE,
532 1328 674 1371 edere,
716 1327 945 1379 provehere.
988 1328 1102 1378 Virg.

215 1400 363 1450 Georg.
407 1399 474 1436 lib.
508 1413 560 1436 11:
607 1399 745 1436 extulit
755 1414 770 1442 ,-
810 1399 905 1435 haec
949 1399 1102 1442 Decios,

211 1470 379 1507 illarios.
410 1468 588 1506 Lucilius
619 1468 685 1506 lib.
707 1482 823 1505 xxv1:
854 1481 933 1504 non
960 1468 1102 1505 idcirco

211 1539 430 1582 extollitur,
461 1539 521 1575 vel
554 1540 606 1575 ite
645 1538 843 1589 veqraudi
864 1538 1001 1574 datur.
1045 1537 1103 1574 M.

213 1610 371 1647 Tullius
406 1609 446 1645 in
484 1608 725 1645 Hortensio:
760 1612 921 1654 praeter
956 1612 1101 1644 ceteros

211 1677 403 1732 (p.298.)
427 1684 562 1715 nostra
583 1677 719 1714 extulit
743 1677 891 1713 civitas.
932 1676 1101 1721 Efferre,

212 1749 416 1787 extollere.
446 1748 502 1786 M.
520 1747 679 1784 Tullius
699 1747 747 1784 de
761 1746 915 1797 Signis:
944 1747 1102 1783 nimium

209 1819 381 1871 forsitan
404 1819 500 1856 haee
529 1818 587 1854 illi
618 1818 811 1854 mirentur
845 1822 965 1870 atque
1002 1815 1102 1863 ecfe-

212 1895 318 1926 rant.
356 1888 537 1927 Lucilius
565 1887 631 1924 lib.
656 1900 826 1923 xxviiii:
856 1886 987 1922 omnia
1007 1886 1102 1930 alia,

211 1961 252 1996 in
275 1958 410 2013 quibus
428 1957 637 2009 ecferimur
660 1957 788 2001 rebus,
814 1969 862 1992 ne
887 1968 954 2006 eqo
971 1956 1102 1992 multis

210 2029 365 2083 loquar.
409 2028 464 2065 M.
490 2027 651 2065 Tullius
685 2026 734 2062 «le
764 2024 917 2062 Officiis
950 2024 1017 2061 lib.
1048 2038 1099 2061 11:

213 2100 345 2152 itaque
379 2110 438 2135 eos
467 2098 569 2134 viros
601 2096 817 2148 suscipiunt
848 2095 1102 2148 maximisque

213 2168 391 2219 ecferunt
417 2166 611 2204 laudibus.

266 2238 460 2276 ExPLEnE
494 2237 639 2274 dicitur
674 2236 852 2286 implere.
888 2234 1100 2272 Lueretius

211 2348 308 2392 proci
332 2348 402 2390 ipsi
427 2359 458 2379 v.
485 2359 515 2378 c.
544 2348 673 2378 Dusae.
716 2346 785 2376 nisi
809 2358 903 2389 quem
927 2356 970 2375 ex
1007 2344 1101 2387 ing-J.

214 2404 333 2435 Medea
361 2403 493 2434 cordis.
509 2403 712 2433 .e.x·tulisses
737 2401 802 2444 ch.
827 2401 947 2431 Medea
967 2399 1105 2432 Colchis

215 2460 345 2503 chiPS.
372 2471 426 2502 ep.
454 2471 499 2502 qu
536 2458 572 2493 4,
605 2458 876 2500 19.1›r0hDelr.
920 2456 1018 2487 corde
1051 2467 1105 2487 cu—

211 2517 294 2559 pido
321 2516 456 2547 Colchis
477 2515 592 2558 pedem
617 2514 759 2546 Planci..
797 2514 917 2544 chdra
941 2512 982 2543 de
1006 2511 1104 2543 corde

213 2573 336 2615 cupido
350 2571 486 2603 Colchis
506 2571 623 2614 pedem
647 2570 784 2613 choss.
810 2576 857 2600 ut.
874 2582 915 2600 ne
934 2581 969 2601 u.
985 2567 1106 2599 Medea

213 2629 348 2661 colchis
372 2628 412 2659 de
437 2627 535 2660 corde
559 2639 634 2667 cup.
670 2628 710 2657 P.
736 2627 918 2657 ortulis-,cet
944 2624 1096 2667 chossii

214 2686 330 2717 altera.
355 2686 539 2716 extulisset
563 2682 728 2726 chsann.
754 2684 822 2714 An.
837 2694 866 2725 p.
885 2681 975 2713 107.
1000 2686 1097 2711 extu-

211 2743 293 2773 lisse
316 2743 365 2773 A.
393 2741 427 2772 J.
456 2738 548 2772 535.
591 2739 730 2769 Medeae
762 2738 874 2769 cordis
909 2737 1031 2780 cupido
1064 2735 1094 2779 cj

209 2811 245 2834 20
272 2797 437 2830 Gerlach.
476 2797 559 2828 aula
583 2796 717 2839 inflarit
741 2795 782 2825 B.
820 2794 965 2824 erexerit
996 2791 1093 2823 485.

210 2856 257 2888 Λ.
285 2854 383 2888 Guil.
425 2853 666 2895 ewulm-itque.
703 2851 836 2895 Efferrc
861 2850 924 2882 50.
959 2851 1004 2880 Α.
1041 2860 1096 2879 ex-

879 105 1090 144 NONIUS
1122 108 1459 147 MARCELLUS

1174 216 1240 252 lib.
1265 230 1334 252 nl:
1366 222 1484 269 atque
1513 216 1666 270 explere
1701 216 1808 253 bonis
1837 214 1974 259 rebus,
2001 228 2066 252 sa-

1171 286 1349 338 tiareque
1390 299 1614 339 nmnquam.
1679 286 1788 336 Virg.
1827 284 1978 335 Georg.
2021 293 2064 322 10

1170 354 1239 391 lib.
1256 367 1321 391 111:
1351 355 1544 407 improbus
1569 356 1749 393 inluviem
1786 356 1976 408 ranisque
2011 354 2065 391 lo-

1171 423 1354 477 quacibus
1372 424 1513 475 explet.
1538 424 1929 475 Explere‚1ui1111cre.
1953 424 2065 475 Virg.

1170 492 1239 529 lib.
1262 506 1315 528 vi:
1343 492 1553 537 discedam,
1574 494 1728 547 explebo
1745 508 1964 538 nurraerum,
1978 493 2065 530 red-

1172 562 1223 598 da
1228 575 1327 615 rque
1353 562 1534 599 tenebris.

1223 647 1432 693 Eumenius,
1449 648 1616 697 erigere.
1640 647 1751 697 virg.
1771 647 1837 684 lib.
1850 661 1910 684 vi:
1930 661 2061 684 aram-

1170 730 1245 771 que
1269 717 1466 768 sepulchri
1488 716 1707 772 Conqerere
1742 717 1942 754 arboribus
1974 730 2060 755 cae-

1168 787 1282 841 loque
1301 787 1466 824 educere
1487 793 1654 824 certant.
1696 786 1878 823 Educet-e
1915 787 2062 824 dicitur

1170 870 1324 893 exuere.
1363 857 1477 906 Virg.
1497 855 1565 892 lib.
1588 870 1633 892 x:
1663 855 1733 892 hoc
1759 856 1892 892 dicens
1928 856 2062 893 eduxit

1169 939 1328 977 corpore
1350 926 1482 961 telum.
1526 925 1731 968 munere,
1757 924 1939 962 educare.
1980 925 2061 962 Te-

1168 996 1319 1033 rentius
1345 996 1383 1032 in
1410 994 1581 1033 Adelfis:
1614 994 1734 1031 eduxi
1751 1008 1776 1031 a
1790 994 1970 1046 parvulo,
1990 994 2060 1031 lm-

1167 1065 1252 1111 bui,
1282 1065 1412 1101 amavi
1434 1077 1508 1117 pro
1537 1077 1631 1100 meo.

1222 1161 1456 1206 Exmznms,
1492 1161 1696 1212 colligere.
1739 1161 1792 1198 M.
1826 1160 1987 1198 Tullius
2010 1167 2056 1197 20

1169 1230 1218 1266 ad
1244 1231 1455 1268 Caesarem
1478 1231 1672 1267 iuniorem
1697 1230 1764 1267 lil).
1788 1245 1818 1266 ιε
1850 1244 1897 1266 ex
1922 1231 2060 1267 ceteris

1167 1305 1295 1336 autem
1307 1299 1515 1351 gunter-ibus
1533 1306 1624 1337 tunc
1634 1300 1803 1353 pecunia
1820 1301 2060 1353 expedietur,

1167 1384 1250 1406 cum
1294 1369 1507 1420 leqionibus
1542 1370 1761 1407 victricibus
1798 1376 1928 1414 erunt,
1959 1382 2060 1424 quae

1166 1440 1454 1491 spopondimus,
1479 1440 1753 1491 persolvenda.

1220 1535 1443 1573 Excmffluz
1476 1537 1623 1573 dicitur
1650 1550 1911 1573 commovere.
1949 1535 2058 1586 Virg.

1166 1604 1234 1641 lib.
1260 1619 1336 1641 xu:
1370 1606 1597 1659 qaudetque
1626 1605 1812 1642 comantis
1843 1602 2060 1642 Excutiens

1166 1675 1313 1711 cervice
1322 1680 1440 1711 toros.
1454 1675 1511 1712 M.
1527 1675 1687 1712 Tullius
1704 1675 1752 1711 de
1763 1674 1915 1711 Officiis
1928 1674 1996 1712 lib.
2009 1689 2058 1712 11:

1166 1744 1316 1796 explica
1337 1749 1456 1798 atque
1479 1749 1613 1781 excute
1627 1744 2059 1794 1‘11telleqetitiarnttcam.

1166 1814 1382 1859 Excutere,
1398 1815 1588 1851 emittere.
1617 1814 1729 1863 virg.
1750 1814 1819 1851 lib.
1836 1828 1897 1851 xi:
1927 1827 2059 1851 excus-

1165 1897 1231 1921 sus
1252 1885 1451 1921 Aconteus
1468 1884 1659 1921 Fulminis
1680 1884 1722 1920 in
1743 1897 1898 1921 morem.
1929 1884 2058 1921 Excu-

1166 1960 1266 1998 tere,
1290 1954 1520 1996 excludere,
1544 1953 1715 1991 deicere.
1748 1954 1964 2005 Virg.Aeu.
1991 1953 2057 1991 lib.

1165 2038 1244 2061 1111:
1275 2025 1492 2061 excutimur
1508 2036 1638 2067 cursu,
1672 2029 1709 2060 et
1735 2025 1858 2060 caecis
1882 2036 2058 2060 erramus

1164 2095 1205 2131 in
1219 2094 1345 2131 undis.
1375 2093 1427 2130 Et
1447 2093 1515 2130 lib.
1533 2107 1640 2130 v1111:
1655 2095 1808 2130 excussi
1819 2092 1993 2130 'nauibus
2008 2100 2054 2130 30

1164 2164 1273 2200 radii
1311 2164 1562 2217 revolutaque
1591 2176 1730 2216 pensa.
1783 2162 1961 2200 Lucilius
1988 2162 2056 2200 lib.

1170 2247 1277 2270 xxx:
1308 2234 1390 2286 ipso
1417 2247 1502 2270 cum
1529 2234 1682 2271 domino
1710 2233 1811 2271 calce
1841 2233 1962 2269 omnis
1993 2246 2057 2269 ex-

1169 2344 1286 2375 tollere
1312 2347 1391 2385 post
1409 2341 1550 2377 9-98,5.
1577 2343 1698 2386 loquar
1724 2341 1766 2372 Α.
1793 2340 1886 2372 Care.
1915 2341 2056 2373 Plocz'as

1170 2400 1209 2430 B.
1236 2399 1341 2429 istaec
1367 2398 1531 2440 Spengel.
1560 2397 1714 2439 auferto:
1741 2403 1806 2426 (mn
1832 2396 1957 2427 Bothe.
1996 2410 2054 2427 ιιη-

1167 2456 1275 2498 ptius.
1299 2454 1449 2496 Explere
1475 2451 1568 2490 298,
1583 2451 1620 2484 8.
1640 2452 1687 2483 Α.
1712 2452 2055 2495 velile›rt-lyraudiao

1171 2512 1238 2542 W.
1277 2511 1329 2541 vel
1354 2521 1433 2540 neve
1458 2508 1587 2554 yrandi
1613 2509 1655 2539 B.
1697 2509 1748 2538 vel
1777 2509 1848 2538 irac
1866 2510 1918 2539 vel
1930 2509 2056 2551 'tlaudii

1170 2566 1270 2597 dulor
1290 2566 1335 2596 A.
1361 2565 1453 2597 585.
1487 2566 1539 2596 vel
1561 2564 1686 2607 gaudii
1718 2563 1828 2600 πάθος
1862 2569 1919 2596 aut
1950 2565 2055 2605 pallio

1165 2623 1309 2665 chere.
1326 2622 1362 2654 l.
1390 2634 1447 2653 nec
1475 2622 1563 2652 uitae
1587 2621 1752 2664 ve'qrumli
1777 2621 1883 2652 datur
1909 2633 1943 2663 p.
1964 2620 2055 2658 ¹85,

1162 2679 1224 2710 51.
1274 2680 1326 2709 vel
1362 2679 1451 2708 vilae
1485 2679 1538 2708 vel
1569 2677 1680 2720 ⁴qaudi
1714 2677 1814 2707 dulor
1853 2677 2054 2720 cherlach.

1160 2735 1314 2778 efferant.
1333 2733 1426 2764 Idem
1439 2733 1480 2764 de
1491 2733 1560 2777 Off.
1573 2734 1613 2765 Ii.
1628 2734 1665 2763 ii.
1680 2757 1686 2763 .
1701 2758 1707 2764 .
1720 2733 1865 2776 efferunt
1885 2731 1930 2777 (p.
1942 2731 2054 2770 9-98.)

1158 2789 1331 2821 laudibus.
1350 2791 1506 2821 Lucilius
1525 2791 1585 2822 lib.
1602 2790 1713 2822 XXX.
1734 2790 1860 2821 Omnia
1875 2816 1882 2823 .
1897 2814 1905 2821 .
1917 2791 2052 2834 loquar.

1166 2846 1345 2877 Extollere
1371 2847 1464 2882 297,
1487 2844 1550 2878 26.
1582 2847 1625 2878 Α.
1666 2848 1806 2890 eloquar
1833 2848 1932 2880 Guil.
1961 2845 2048 2881 21.
