2174 3267
248 178 307 203 xn

243 278 328 324 fuit
360 277 620 340 (μαφόριων)
660 296 760 341 quae
806 298 899 343 quo
948 289 1152 344 tempore
1189 285 1235 327 in
1272 301 1400 329 usum
1434 288 1625 343 venerit,
1672 286 1792 331 haud
1837 286 1968 332 facile
2018 285 2080 331 di-

243 363 397 408 xerim.
479 359 656 420 Saepius
709 361 831 423 apud
886 362 1123 426 Cyrillum,
1172 364 1473 411 Athanasium
1533 375 1578 413 et
1620 368 1839 412 Basiliuin
1898 368 2081 431 legitur,

245 443 325 489 csr.
373 443 451 486 Du
495 440 671 486 Fresne
716 442 924 489 Lexicon
980 445 1139 490 mediae
1190 453 1234 491 et
1289 447 1450 492 inlimae
1497 447 1753 493 Graecitatis
1795 466 1829 493 s.
1876 467 1915 493 v.
1959 448 2080 494 unde

243 522 373 568 simul
410 538 510 567 cum
548 521 751 568 doctrina
788 524 1047 571 Christiana
1071 529 1297 572 invectum
1322 529 1461 574 fuisse
1484 531 1707 575 coniicias.
1777 529 1873 575 Sed
1905 530 2079 576 etiamsi

242 621 334 649 non
369 620 540 665 paucos
577 604 676 650 sore
699 608 969 667 putaverim,
1005 609 1082 670 qui
1110 608 1322 653 Latinam
1347 609 1669 672 etymologiam
1694 612 1866 669 secuti,
1901 628 2081 656 nzavors

242 687 335 731 sive
374 684 569 746 masbrs,
613 688 871 750 neasortimn
905 691 999 735 sive
1034 692 1301 736 mavortiam
1337 693 1638 753 antiquiorem
1674 695 1944 755 scripturam
1981 711 2080 739 esse

241 766 467 823 iudicant,
515 775 560 813 et
594 768 651 813 ad
688 769 899 815 Servium
936 770 1093 816 Schol.
1129 771 1188 815 ad
1222 773 1340 817 Aen.
1376 773 1412 816 l.
1448 772 1567 818 282.
1618 791 1701 819 nos
1749 774 1986 837 relegant,
2031 782 2081 819 ut

241 849 453 893 Latinam
489 851 582 894 eius
620 850 828 895 vocabuli
864 853 1087 914 originem
1122 853 1452 915 comprobent,
1501 863 1650 901 tamen
1693 856 1779 901 hae
1813 856 2079 902 iudiciorum

241 929 500 976 diversitate
554 932 781 993 posterior
828 931 968 977 Nonii
1012 939 1121 978 aetas
1164 952 1257 979 non
1303 935 1621 992 confirmatur,
1665 954 1925 999 quanquam
1961 938 2079 982 Bur-

239 1029 428 1056 mannus
477 1011 532 1058 dc
584 1012 743 1058 scholii
791 1012 908 1057 illius
955 1015 1217 1077 integritate
1262 1033 1423 1077 parum
1465 1024 1589 1062 recte
1622 1017 1851 1063 dubitasse
1888 1018 2077 1064 videtur.

239 1093 318 1138 cfr.
367 1092 593 1156 Suringar
638 1093 693 1139 de
741 1095 852 1139 Ant.
900 1095 1076 1159 Interp.
1124 1097 1305 1160 Virgilii
1355 1115 1398 1160 p.
1427 1096 1512 1143 81.
1550 1098 1606 1143 Ν.
1672 1099 1835 1161 Neque
1884 1117 1983 1162 quae
2019 1099 2077 1145 ab

238 1173 335 1219 aliis
371 1181 525 1219 notata
575 1182 680 1220 sunt
724 1177 975 1236 vocabula,
1019 1181 1263 1242 posteriori
1296 1182 1454 1243 utiquc
1486 1180 1653 1227 saeculo
1687 1181 1927 1227 tribuenda
1962 1189 2079 1227 sunt.

236 1255 349 1313 Ars,
384 1255 508 1318 quod
543 1257 719 1302 Nonius
754 1257 878 1317 517,
915 1258 996 1305 10.
1034 1268 1077 1306 et
1113 1259 1238 1320 487,
1278 1260 1321 1306 1Ι.
1360 1280 1444 1324 pro
1482 1262 1790 1309 Grammatica
1826 1265 2078 1325 usurpavit,

234 1338 447 1383 Donatus
483 1346 527 1384 et
560 1339 824 1386 Victorinus
862 1349 1058 1387 tuentur.
1127 1343 1346 1405 Deputuli
1391 1345 1512 1406 apud
1549 1345 1670 1389 Non.
1706 1343 1793 1402 59,
1829 1343 1875 1389 5.
1912 1353 2078 1406 praeter

235 1418 492 1464 Palladium
548 1420 859 1466 Tertullianus
909 1422 964 1467 de
1014 1424 1146 1468 Poen.
1199 1423 1246 1469 5.
1297 1424 1447 1470 habet.
1528 1425 1768 1470 Adiectiva
1820 1425 2079 1486 temporalis

234 1499 354 1545 Nou.
389 1498 513 1559 422,
555 1499 635 1547 ll.
682 1503 930 1564 emporalis
964 1502 1090 1561 468,
1127 1503 1207 1549 14.
1248 1506 1548 1566 incorporalis
1586 1504 1711 1563 466,
1752 1504 1832 1550 15.
1877 1508 2076 1568 incorpo-

234 1598 338 1627 reus
372 1580 496 1641 465..
533 1581 614 1628 15.
665 1601 765 1646 qua?
813 1583 1059 1630 Christiani
1103 1585 1296 1631 hominis
1342 1586 1485 1631 videri
1531 1587 1736 1648 possint,
1778 1586 1899 1648 apud
1935 1586 2076 1632 Sene-

235 1678 349 1719 cam,
375 1662 590 1722 Gellium,
611 1664 968 1722 Quinctilianum
1001 1668 1169 1728 passim
1204 1666 1435 1729 leguntur.
1469 1666 1654 1712 Formis
1675 1667 1794 1712 Non.
1817 1665 1936 1712 551.
1955 1666 2076 1713 552.

234 1760 291 1788 ex
325 1745 536 1790 Varrone
573 1745 882 1807 repetendum.
951 1746 1253 1808 Popularitas
1284 1748 1341 1792 N.
1377 1747 1497 1793 525.
1532 1749 1621 1793 iam
1656 1749 1852 1808 Plinius,
1885 1750 2075 1795 Tacitus

233 1831 278 1870 et
319 1824 568 1871 Suetonius
615 1828 856 1889 aliquoties
904 1837 1193 1890 usurparunt.
1283 1829 1512 1888 litabilis,
1559 1830 1684 1892 quod
1719 1830 1841 1893 apud
1872 1831 2073 1876 Nonium

230 1924 315 1969 pro
350 1908 619 1965 horrendus,
650 1908 976 1970 formidolosus
1009 1913 1211 1972 ponitur,
1248 1912 1329 1958 cfr.
1363 1910 1447 1957 45.
1487 1911 1604 1957 126.
1634 1911 1755 1957 519.
1788 1912 1908 1958 557.
1954 1911 2074 1958 590.

231 1986 352 2032 591.
387 1985 506 2034 415.
540 1987 662 2033 422.
695 1988 815 2035 461.
850 1992 939 2035 iam
973 1992 1095 2054 apud
1118 1992 1333 2038 Ovidium
1372 2009 1536 2038 novam
1555 1992 1673 2038 hanc
1696 1994 2074 2056 significationem

232 2068 382 2114 habet.
449 2070 537 2131 Ep.
575 2088 626 2115 ex
672 2072 829 2118 Ponto
864 2075 949 2119 IV.
986 2073 1068 2119 14.
1102 2074 1201 2120 51;
1248 2076 1387 2121 Esset
1420 2083 1645 2137 perpetuo
1675 2094 1756 2121 sua
1792 2094 1928 2139 quam
1964 2078 2075 2122 vita-

230 2150 333 2196 hilis
378 2153 544 2210 Ascra,
579 2154 707 2198 Ausa
743 2162 812 2200 cst
848 2156 1061 2219 agricola}
1096 2158 1233 2203 Musa
1270 2157 1434 2202 docere
1470 2159 1603 2202 senis.
1672 2159 1905 2203 Praetcrea
1953 2157 2074 2220 apud

231 2233 488 2279 Arnobiuin
523 2242 607 2292 est,
642 2235 808 2293 Nonii,
854 2245 904 2282 ut
951 2238 1162 2300 equidem
1198 2241 1432 2297 existimo,
1470 2239 1714 2302 aequalem,
1758 2241 1837 2284 cfr.
1874 2239 1978 2285 Lib.
2014 2240 2072 2285 V.

230 2333 274 2377 p.
314 2313 432 2360 165.
490 2316 639 2362 «illum
694 2319 831 2365 soetor
879 2319 1109 2366 vitabilem
1156 2321 1352 2367 reddidit
1401 2321 1760 2384 fugiendumque
1815 2322 2066 2383 caprinus-⁹

229 2396 492 2443 Verborum
524 2397 701 2462 Auriyo
735 2409 780 2446 ct
816 2400 1007 2464 Aueupo
1042 2405 1188 2448 activa
1222 2404 1368 2449 forma
1407 2421 1500 2449 non
1524 2420 1639 2465 opus
1662 2411 1746 2461 est,
1782 2410 1831 2448 ut
1853 2402 2072 2465 exemplis

230 2478 538 2538 confirmetur,
571 2497 671 2525 cum
708 2484 876 2544 passim
912 2483 1033 2545 apud
1067 2485 1284 2542 Ennium,
1320 2485 1590 2542 Pacuvium,
1625 2486 1818 2530 Accium
1849 2491 2071 2530 occurrat.

229 2559 326 2606 Sed
362 2563 596 2623 suspieiler
628 2562 747 2610 Non.
784 2563 904 2611 526.
939 2568 1211 2613 sensibilitas
1246 2565 1363 2612 175.
1400 2574 1445 2612 et
1479 2567 1692 2613 telonarii
1722 2566 1806 2612 24.
1841 2568 1886 2611 ni
1918 2565 2071 2622 fallor,

228 2641 393 2688 nullius
428 2645 662 2706 scriptoris
697 2648 966 2692 auctoritate
1002 2655 1106 2693 ante
1127 2647 1327 2693 Nonium
1350 2646 1692 2705 confirmantur,
1727 2656 1772 2693 et
1806 2665 1923 2693 nove
1952 2647 2071 2693 dicta

229 2741 329 2770 esse
364 2724 589 2783 videntur,
623 2727 708 2772 nisi
744 2727 869 2790 quod
888 2729 1202 2774 Tertullianus
1239 2727 1295 2773 de
1330 2726 1446 2773 Idol.
1483 2745 1519 2773 c.
1544 2725 1624 2772 12.
1669 2729 1880 2775 telonium
1914 2727 2070 2786 habet,

227 2805 345 2851 unde
381 2807 593 2853 telonarii
625 2807 876 2854 derivatum
913 2818 994 2855 est.
1063 2810 1160 2858 Sed
1188 2809 1285 2855 haee
1309 2811 1439 2855 venia
1466 2808 1612 2854 danda
1639 2817 1708 2856 est
1731 2810 2068 2866 Grammaticis,

229 2907 376 2952 neque
408 2889 649 2936 Senecam.
687 2892 809 2954 quod
848 2900 1020 2938 tantum
1056 2912 1079 2938 a
1118 2893 1353 2939 Ciceronis
1392 2893 1596 2938 oratione
1634 2891 1866 2938 abhorruit
1921 2900 1964 2937 et
2001 2899 2065 2937 tot
