2174 3267
389 212 486 250 1111.
540 211 613 248 DE
642 210 815 249 VARIA
842 208 1304 248 SIGNIFICATIONE
1333 209 1662 249 SERMONUM.

148 320 381 357 DESTINARE
405 318 549 356 dicitur
568 331 717 369 parare.
745 317 971 361 Destinat-e,

102 397 148 427 30
171 402 312 426 emere.
341 387 516 425 Lucilius
532 388 757 425 lib.xxv111:
782 386 899 437 facio,
918 388 973 424 ad

98 458 269 494 lenonem
287 458 416 502 venio,
439 458 562 495 tribus
580 459 621 495 in
642 457 856 495 libertatem
874 457 970 494 mili-

100 526 168 563 bus
195 527 391 564 Destiner.

151 596 319 633 Docmm
343 596 534 647 siguificat
560 595 804 646 disciplinam
828 595 890 633 vel
912 610 971 632 ar-

101 669 180 702 tem
206 665 424 716 quampiam
455 665 680 716 magisterio
713 665 817 703 dare.
861 665 970 715 Virg.

101 734 202 771 Aen.
230 733 297 771 lib.
319 748 365 771 v:
405 734 532 771 docuit
559 739 645 786 post
668 734 792 770 exitus
821 735 969 785 ingens.

101 801 289 853 (p.290.)
313 803 484 849 Docere,
515 803 660 841 dicere.
697 802 873 840 Lucilius
904 803 972 841 lib.

101 885 264 909 xxvuu:
280 878 323 909 at
345 886 422 909 non
439 879 529 909 sunt
552 873 705 916 similes,
715 886 839 927 neque
852 873 950 909 dunt
960 888 973 916 3

102 941 199 995 quid
211 941 289 978 sint
303 942 400 978 dare
413 942 566 986 vellent,
579 941 826 993 Acciperisne
836 969 847 985 ‚
866 942 971 979 doce.

154 1011 355 1048 D1L1GERE
378 1012 620 1049 manifestam
640 1012 758 1049 hahet
783 1012 974 1062 significa-

104 1080 272 1125 tionem,
302 1085 345 1117 ut
370 1082 616 1133 plerumque.
644 1081 799 1132 Diligit,
823 1081 974 1118 dividit.

105 1149 269 1187 Plautus
294 1151 333 1186 in
351 1150 608 1187 Curculione:
631 1151 816 1204 clipeatus
831 1151 975 1202 eligan-

106 1225 186 1256 tum
211 1219 275 1256 ubi
294 1232 450 1255 macera
477 1220 617 1270 diliqit.
654 1220 828 1256 Titinius
851 1220 976 1257 Proe-

107 1288 181 1325 lia:
209 1301 373 1340 pernam
400 1294 517 1325 totam
547 1288 685 1340 diligit.

156 1357 361 1393 DEXTRUM
385 1357 527 1393 dicitur
544 1358 706 1393 dextrae
723 1358 856 1407 partis.
871 1358 978 1408 Virg.

111 1433 154 1463 10
178 1425 246 1463 lib.
267 1440 309 1462 v·
339 1439 413 1480 quo
435 1431 584 1464 tantum
603 1427 698 1464 mihi
716 1427 852 1463 dexter
866 1427 977 1464 abts?

104 1494 297 1532 Dextrum
316 1495 460 1534 dieitur
482 1496 592 1540 felix,
610 1476 836 1546 propitium.
865 1497 978 1547 Virg.

105 1565 205 1602 Aen.
228 1564 298 1601 lib.
316 1578 408 1601 vul:
448 1570 484 1602 et
510 1578 578 1601 nos
607 1570 643 1601 et
663 1572 733 1601 tua
757 1566 893 1602 dexter
914 1566 984 1602 adi

102 1634 200 1685 pede
252 1647 367 1670 sacra
406 1635 596 1678 seeundo3
638 1634 980 1686 mollissimaquam

106 1705 329 1740 multorum.

157 1772 393 1816 Dnmumon,
404 1772 580 1818 amolior,
592 1773 767 1823 depello,
780 1773 982 1824 propulso.

107 1841 162 1879 Μ.
185 1842 343 1880 Tullius
376 1842 425 1879 de
447 1842 509 1880 Re
537 1842 694 1893 publica
721 1842 789 1880 lib.
813 1857 871 1880 vl:
907 1857 984 1880 non

107 1911 216 1948 modo
235 1910 386 1948 invidia
408 1913 503 1962 pari
516 1925 594 1948 non
616 1917 750 1955 erant,
781 1913 851 1949 sed
870 1914 984 1949 etiam

109 1979 252 2017 Claudi
277 1980 460 2017 invidiam
496 1980 639 2018 Gracci
668 1982 813 2018 caritas
849 1982 984 2035 depre-

107 2049 284 2087 cabatur.
316 2050 466 2087 Ennius
480 2051 664 2101 eripiteo:
694 2051 758 2088 cui
774 2065 876 2088 minc
897 2064 982 2088 eru-

107 2132 199 2156 mna
217 2132 302 2156 mea
327 2119 502 2156 libertate
524 2132 642 2172 para,
655 2118 803 2166 Quibus
821 2121 982 2157 servitu-

109 2195 183 2226 tem
214 2201 335 2226 meam
362 2189 516 2226 miseria
543 2189 740 2242 deprecor.

112 2266 158 2296 20
226 2258 461 2296 Duroni-nm
492 2263 551 2295 est
574 2273 703 2297 rerum
727 2259 896 2296 omnium
926 2273 985 2296 se-

111 2377 242 2409 destino
264 2378 371 2410 Aeid.
398 2390 449 2420 ap.
474 2378 577 2410 Grut.
603 2379 666 2410 VI.
700 2391 733 2422 p.
763 2378 851 2410 177.
887 2379 986 2410 desti-

113 2439 169 2465 net
191 2434 236 2464 A.
261 2434 368 2465 Dusa.
391 2434 537 2465 destines
561 2436 604 2466 al.
630 2447 683 2477 ap.
710 2435 819 2466 Busa.
844 2441 902 2465 aut
918 2436 986 2466 nisi

114 2484 210 2531 (pag.
225 2487 335 2525 290.)
360 2490 453 2533 ng.
490 2490 573 2534 quid
597 2491 628 2521 si
650 2491 760 2522 Mero.
786 2491 874 2534 quod
899 2492 929 2522 si
954 2490 985 2534 cj

113 2544 278 2578 Gerlach.
303 2548 469 2590 acciperes
491 2560 531 2577 m·
556 2547 619 2578 Ms.
645 2547 764 2583 Fabri„
787 2547 935 2590 diriflere
953 2550 986 2577 ct

113 2601 237 2644 ubique
261 2602 384 2646 dirigit
408 2602 583 2646 ejSalmas.
607 2604 649 2634 ad
673 2603 782 2635 Solin.
808 2616 843 2646 p.
865 2602 984 2635 1191.

114 2656 280 2701 dirigere,
302 2659 486 2695 dissecare,
511 2658 686 2701 diffindere
717 2659 815 2690 Rost.
853 2659 984 2701 Opusc.

114 2712 231 2744 Plaut.
257 2725 289 2755 p.
310 2712 398 2745 122.
422 2715 578 2746 disiicere
603 2718 637 2746 et
662 2714 737 2747 Cic.
762 2718 843 2757 put.
873 2715 986 2746 locum

115 2766 259 2810 cheuk.
285 2780 324 2799 ex
352 2768 467 2801 1511.
492 2770 626 2802 dissicit
650 2770 764 2801 Plaut.
786 2771 987 2813 eliquntium

119 2833 152 2857 10
165 2823 213 2853 ibi
226 2823 268 2854 B.
291 2824 502 2868 elephantum
515 2826 619 2865 Vulg.
643 2827 733 2858 moll.
748 2827 847 2857 mvelt.
864 2836 929 2856 om.
941 2824 985 2857 G.

115 2878 206 2911 485.
218 2880 263 2910 A.
283 2880 482 2911 mollissima
494 2893 594 2924 quam
604 2882 785 2913 multorum
800 2881 840 2913 L.
865 2882 987 2912 multa-

116 2946 178 2979 que
201 2935 329 2966 similia
352 2936 533 2967 multorum
562 2935 701 2978 ejMerc.
738 2937 813 2968 Lib.
844 2937 903 2968 VI.
937 2937 984 2968 cf.

1825 209 1912 250 199

1036 319 1198 369 paratio.
1229 318 1369 356 Cicero
1386 319 1434 355 dc
1455 317 1627 356 Oratore
1644 317 1712 354 lib.
1729 331 1791 354 111:
1820 318 1874 353 sic
1894 330 1913 353 e

1038 390 1227 425 communi
1250 388 1467 441 sapientiae
1493 389 1580 438 iusso
1608 392 1700 424 sunt
1719 388 1913 424 doctrina-

1037 470 1121 493 rum
1148 457 1258 508 faeta
1295 457 1475 494 divortia.
1518 457 1764 502 Divortium,
1792 457 1914 494 flexus

1037 526 1086 563 de
1103 527 1177 570 via,
1199 541 1220 563 a
1237 526 1483 563 divertendo.
1512 526 1621 576 Virg.
1640 526 1704 563 lib.
1720 540 1819 562 vnn:
1841 524 1915 562 obi-

1036 596 1144 632 ciunt
1170 597 1314 648 equites
1342 607 1425 631 sese
1453 596 1508 632 ad
1535 595 1700 632 divortia
1727 601 1833 633 nota.

1165 735 1321 762 1Nclr1T
1356 736 1432 762 PER
1468 718 1524 762 E.
1559 736 1783 763 LITTERAM.

1090 805 1299 850 Exmnmz,
1336 807 1373 843 vi
1402 811 1651 858 extorquere.
1687 806 1744 843 M.
1761 806 1917 844 Tullius

1040 875 1080 911 in
1098 875 1369 913 Divinatione:
1405 882 1443 912 et
1466 890 1549 913 cum
1574 881 1672 913 esset
1696 876 1819 913 tritici
1840 889 1916 912 mo-

1041 944 1128 981 dius
1153 946 1340 982 sestertiis
1367 945 1526 989 duobus,
1555 958 1628 998 pro
1654 944 1848 996 frumento
1876 945 1917 982 in

1041 1015 1185 1051 modios
1215 1015 1383 1066 singulos
1420 1015 1614 1052 duodenos
1643 1015 1837 1052 sestertios
1869 1023 1914 1052 30

1042 1084 1222 1135 exegisse.
1253 1084 1436 1134 Exigere,
1455 1085 1667 1136 inquirere,
1683 1099 1817 1122 verum
1829 1098 1918 1136 per-

1045 1152 1207 1189 discere.
1236 1152 1456 1201 Virg.Aen.
1472 1154 1540 1191 ΠΙ).
1562 1168 1594 1190 1:
1625 1167 1814 1208 quaerere
1830 1168 1916 1191 con—

1042 1222 1165 1257 stituit
1188 1223 1374 1274 sociisque
1397 1228 1532 1258 exacta
1555 1222 1717 1273 referre.
1750 1222 1919 1273 Exigere

1045 1296 1104 1327 est
1143 1290 1366 1327 excludere.
1408 1290 1577 1328 Plautus
1616 1292 1653 1328 in
1693 1292 1918 1330 Aulularia:

1044 1360 1177 1412 itaque
1187 1360 1307 1396 omnis
1323 1360 1439 1411 exigit
1449 1359 1727 1411 foras.Teren-
1739 1361 1857 1413 (p.29
1866 1358 1919 1407 1.)

1047 1430 1119 1465 tius
1135 1429 1176 1466 iu
1186 1430 1335 1466 Andria
1353 1444 1361 1465 ι
1379 1430 1614 1482 spectandae
1631 1444 1685 1467 an
1709 1432 1920 1482 exiqendae

1043 1500 1121 1535 sint
1141 1498 1243 1535 vobis
1267 1499 1393 1551 prius.
1432 1499 1615 1537 Afranius
1634 1500 1804 1537 Fratris:
1829 1501 1919 1537 reti-

1045 1568 1198 1605 nebitur
1227 1570 1288 1605 ‘vir
1318 1573 1361 1605 ut
1381 1569 1579 1606 voluntate
1610 1583 1691 1606 una
1715 1570 1918 1622 probabili,

1041 1643 1267 1689 preqnatem
1305 1639 1408 1693 quod
1441 1652 1519 1675 non
1548 1640 1690 1690 exigat.
1748 1639 1919 1677 Naevius

1045 1706 1200 1745 Danae:
1229 1707 1388 1758 indique
1410 1709 1539 1759 exiqor
1562 1710 1695 1762 patria
1720 1709 1916 1746 innocens.

1047 1775 1103 1812 M.
1124 1776 1282 1813 Tullius
1314 1777 1353 1814 in
1380 1777 1589 1828 Filippicis
1621 1778 1689 1816 lib.
1716 1792 1766 1815 11:
1794 1779 1921 1816 claves

1047 1845 1209 1889 ademit,
1246 1845 1432 1899 forasque
1463 1847 1600 1899 exegit.
1643 1848 1819 1886 Lucilius
1849 1848 1920 1885 lib.

1049 1927 1163 1950 xxvi:
1192 1915 1424 1953 vestimentis
1444 1915 1568 1968 frigus
1588 1923 1706 1971 atque
1720 1918 1920 1956 horrorem

1047 1990 1270 2021 exactm’um
1291 1990 1415 2038 putet.
1456 1986 1640 2037 Exigere,
1663 1987 1837 2025 debitum
1860 2002 1920 2026 re-

1047 2057 1194 2103 petere.
1224 2053 1278 2091 M.
1291 2054 1448 2092 Tullius
1464 2056 1645 2105 Epistola
1659 2057 1707 2094 ad
1722 2057 1920 2095 Cassium:

1045 2123 1203 2159 sednon
1216 2137 1355 2174 τιν-9805
1382 2125 1570 2177 longiores
1590 2128 1688 2163 enim
1707 2133 1856 2179 specta-
1876 2134 1918 2165 10

1047 2190 1091 2228 bo
1135 2192 1192 2228 vel
1225 2194 1352 2245 potius
1388 2196 1549 2246 exiqam.
1599 2194 1767 2243 Quando
1795 2196 1923 2235 hercle

1048 2273 1114 2312 eqo
1130 2266 1270 2298 temere
1292 2263 1454 2315 exigam.
1486 2263 1670 2314 Exigere,
1693 2266 1837 2311 facere,
1855 2280 1920 2304 co-

1050 2379 1142 2410 Gell.
1168 2378 1204 2417 6,
1233 2380 1293 2418 16,
1323 2381 1382 2413 11.
1419 2381 1560 2414 Claudii
1584 2382 1631 2415 Α.
1657 2385 1739 2415 Mai.
1777 2387 1923 2428 erepiteo

1049 2435 1142 2468 G.L.
1172 2436 1368 2468 Erechtheo:
1392 2438 1506 2482 quibu'
1530 2451 1621 2471 manc
1642 2441 1800 2484 churet.
1827 2442 1868 2472 V.
1883 2442 1922 2473 L.

1053 2491 1112 2525 15.
1132 2491 1190 2524 19.
1219 2492 1377 2526 Columu.
1403 2495 1450 2526 cf.
1478 2495 1572 2527 Gell.
1598 2495 1633 2533 6,
1652 2496 1713 2534 19,
1739 2496 1774 2530 9.
1801 2498 1922 2529 Erech-

1048 2548 1135 2579 theo:
1161 2550 1215 2579 cui
1237 2561 1324 2581 nunc
1348 2562 1382 2583 v.
1403 2562 1431 2583 c.
1457 2552 1586 2584 Ursini.
1627 2553 1762 2596 Eripite
1793 2566 1810 2586 o
1834 2555 1922 2585 cives

1048 2604 1170 2647 quibus
1194 2616 1281 2635 nunc
1305 2606 1372 2650 ch.
1413 2607 1600 2639 libertatem
1623 2621 1707 2650 paro
1745 2609 1812 2652 ch.
1851 2621 1922 2641 mea

1049 2660 1185 2690 miseria
1210 2660 1330 2703 chur.
1354 2662 1387 2694 J.
1413 2663 1500 2694 libro
1524 2665 1657 2695 addunt
1682 2664 1728 2697 G.
1754 2666 1793 2696 L.
1817 2666 1860 2697 cf.
1888 2677 1924 2701 20

1052 2713 1143 2750 458,
1161 2713 1220 2746 19.
1244 2716 1407 2748 duodenis
1421 2718 1464 2750 B.
1491 2720 1690 2751 retinebitur
1714 2721 1757 2751 cf.
1768 2721 1873 2753 Turn.
1887 2731 1923 2757 30

1054 2769 1115 2805 29,
1132 2769 1195 2801 27.
1222 2772 1289 2802 viri
1304 2771 1383 2803 haec
1406 2773 1530 2805 Bothe.
1554 2776 1624 2806 viri
1644 2786 1686 2805 ex
1710 2772 1924 2819 (pag.291.)

1050 2824 1162 2855 Neuk.
1189 2827 1252 2857 cfr.
1276 2839 1309 2869 p.
1334 2826 1426 2866 402,
1453 2828 1518 2862 21.
1555 2831 1655 2861 unica
1676 2833 1768 2874 prob.
1798 2832 1923 2865 Bothe.

1051 2879 1162 2912 Neuk.
1184 2886 1244 2912 ret.
1270 2893 1354 2913 uxor
1366 2884 1434 2915 vol.
1454 2885 1523 2915 viri
1543 2886 1637 2926 prob.
1654 2885 1811 2929 chrlch.
1824 2900 1921 2931 prae-

1048 2942 1204 2979 gnantem
1229 2937 1331 2978 Vulg.
1352 2939 1513 2983 forasque
1535 2952 1600 2971 om.
1617 2941 1679 2972 Or.
1697 2949 1797 2985 putat
1813 2943 1919 2975 Dusa.
